<?xml version="1.0" encoding="UTF-8"?>
<!DOCTYPE html PUBLIC "-//W3C//DTD XHTML 1.0 Transitional//EN"
    "http://www.w3.org/TR/xhtml1/DTD/xhtml1-transitional.dtd">
<html xmlns="http://www.w3.org/1999/xhtml" xml:lang="en" lang="en">
 <head>
  <title>
</title>
<meta http-equiv="Content-Type" content="text/html;charset=utf-8" />
  <meta name='ocr-system' content='tesseract 3.04.00' />
  <meta name='ocr-capabilities' content='ocr_page ocr_carea ocr_par ocr_line ocrx_word'/>
</head>
<body>
  <div class='ocr_page' id='page_1' title='image "./patrologiaecurs05saingoog_0465.png"; bbox 0 0 3952 6128; ppageno 0'>
   <div class='ocr_carea' id='block_1_1' title="bbox 124 136 182 203">
    <p class='ocr_par' dir='ltr' id='par_1_1' title="bbox 124 136 182 203">
     <span class='ocr_line' id='line_1_1' title="bbox 124 136 182 203; baseline 0 -2"><span class='ocrx_word' id='word_1_1' title='bbox 124 136 182 203; x_wconf 76' lang='lat' dir='ltr'>tle</span> 
     </span>
    </p>
   </div>
   <div class='ocr_carea' id='block_1_2' title="bbox 129 257 963 1223">
    <p class='ocr_par' dir='ltr' id='par_1_2' title="bbox 129 257 963 1223">
     <span class='ocr_line' id='line_1_2' title="bbox 129 257 959 345; baseline -0.016 -18"><span class='ocrx_word' id='word_1_2' title='bbox 129 273 173 327; x_wconf 89' lang='lat' dir='ltr'>ter</span> <span class='ocrx_word' id='word_1_3' title='bbox 186 269 300 345; x_wconf 89' lang='lat' dir='ltr'>qnippe</span> <span class='ocrx_word' id='word_1_4' title='bbox 311 267 360 326; x_wconf 89' lang='lat' dir='ltr'>bis</span> <span class='ocrx_word' id='word_1_5' title='bbox 374 272 403 325; x_wconf 89' lang='lat' dir='ltr'>et</span> <span class='ocrx_word' id='word_1_6' title='bbox 413 264 485 324; x_wconf 93' lang='lat' dir='ltr'>boni</span> <span class='ocrx_word' id='word_1_7' title='bbox 499 263 675 335; x_wconf 80' lang='lat' dir='ltr'>aliligantur</span> <span class='ocrx_word' id='word_1_8' title='bbox 688 262 717 318; x_wconf 89' lang='lat' dir='ltr'>et</span> <span class='ocrx_word' id='word_1_9' title='bbox 731 257 825 326; x_wconf 82' lang='lat' dir='ltr'>mali3</span> <span class='ocrx_word' id='word_1_10' title='bbox 842 272 898 315; x_wconf 89' lang='lat' dir='ltr'>nec</span> <span class='ocrx_word' id='word_1_11' title='bbox 912 257 959 314; x_wconf 89' lang='lat' dir='ltr'>est</span> 
     </span>
     <span class='ocr_line' id='line_1_3' title="bbox 131 346 956 434; baseline -0.021 -16"><span class='ocrx_word' id='word_1_12' title='bbox 131 360 183 434; x_wconf 91' lang='lat' dir='ltr'>qul</span> <span class='ocrx_word' id='word_1_13' title='bbox 198 357 395 425; x_wconf 72' lang='lat' dir='ltr'>dicatl’aaet</span> <span class='ocrx_word' id='word_1_14' title='bbox 406 354 559 419; x_wconf 81' lang='lat' dir='ltr'>securitas,</span> <span class='ocrx_word' id='word_1_15' title='bbox 575 349 759 423; x_wconf 88' lang='lat' dir='ltr'>abicumque</span> <span class='ocrx_word' id='word_1_16' title='bbox 769 346 956 417; x_wconf 75' lang='lat' dir='ltr'>contingunt,</span> 
     </span>
     <span class='ocr_line' id='line_1_4' title="bbox 132 434 958 513; baseline -0.017 -8"><span class='ocrx_word' id='word_1_17' title='bbox 132 448 178 505; x_wconf 82' lang='lat' dir='ltr'>rel</span> <span class='ocrx_word' id='word_1_18' title='bbox 193 448 332 504; x_wconf 88' lang='lat' dir='ltr'>metuitur</span> <span class='ocrx_word' id='word_1_19' title='bbox 341 459 379 500; x_wconf 91' lang='lat' dir='ltr'>ne</span> <span class='ocrx_word' id='word_1_20' title='bbox 394 443 578 513; x_wconf 76' lang='lat' dir='ltr'>contingant.</span> <span class='ocrx_word' id='word_1_21' title='bbox 592 443 669 497; x_wconf 90' lang='lat' dir='ltr'>lnter</span> <span class='ocrx_word' id='word_1_22' title='bbox 683 453 751 512; x_wconf 78' lang='lat' dir='ltr'>que</span> <span class='ocrx_word' id='word_1_23' title='bbox 767 443 867 494; x_wconf 78' lang='lat' dir='ltr'>mmen</span> <span class='ocrx_word' id='word_1_24' title='bbox 878 434 958 492; x_wconf 89' lang='lat' dir='ltr'>mala</span> 
     </span>
     <span class='ocr_line' id='line_1_5' title="bbox 132 525 960 606; baseline -0.018 -12"><span class='ocrx_word' id='word_1_25' title='bbox 132 537 232 595; x_wconf 91' lang='lat' dir='ltr'>adhuc</span> <span class='ocrx_word' id='word_1_26' title='bbox 247 546 466 606; x_wconf 81' lang='lat' dir='ltr'>usquequaque</span> <span class='ocrx_word' id='word_1_27' title='bbox 481 530 708 604; x_wconf 72' lang='lat' dir='ltr'>frequentantur</span> <span class='ocrx_word' id='word_1_28' title='bbox 722 525 876 583; x_wconf 85' lang='lat' dir='ltr'>luxuriosa</span> <span class='ocrx_word' id='word_1_29' title='bbox 891 538 960 581; x_wconf 87' lang='lat' dir='ltr'>oon·</span> 
     </span>
     <span class='ocr_line' id='line_1_6' title="bbox 131 615 960 688; baseline -0.016 -8"><span class='ocrx_word' id='word_1_30' title='bbox 131 623 221 688; x_wconf 83' lang='lat' dir='ltr'>vivia,</span> <span class='ocrx_word' id='word_1_31' title='bbox 240 619 504 685; x_wconf 87' lang='lat' dir='ltr'>lervetebriositas,</span> <span class='ocrx_word' id='word_1_32' title='bbox 520 617 647 677; x_wconf 85' lang='lat' dir='ltr'>avaritia</span> <span class='ocrx_word' id='word_1_33' title='bbox 661 620 825 688; x_wconf 78' lang='lat' dir='ltr'>grassatur,</span> <span class='ocrx_word' id='word_1_34' title='bbox 837 615 960 686; x_wconf 88' lang='lat' dir='ltr'>perstre·</span> 
     </span>
     <span class='ocr_line' id='line_1_7' title="bbox 133 702 959 785; baseline -0.013 -17"><span class='ocrx_word' id='word_1_35' title='bbox 133 714 208 785; x_wconf 89' lang='lat' dir='ltr'>punt</span> <span class='ocrx_word' id='word_1_36' title='bbox 224 709 325 766; x_wconf 83' lang='lat' dir='ltr'>lascivi</span> <span class='ocrx_word' id='word_1_37' title='bbox 349 714 465 775; x_wconf 90' lang='lat' dir='ltr'>cantus,</span> <span class='ocrx_word' id='word_1_38' title='bbox 482 722 607 782; x_wconf 78' lang='lat' dir='ltr'>organa,</span> <span class='ocrx_word' id='word_1_39' title='bbox 624 705 711 770; x_wconf 76' lang='lat' dir='ltr'>tibiae,</span> <span class='ocrx_word' id='word_1_40' title='bbox 730 704 814 778; x_wconf 75' lang='lat' dir='ltr'>lyrae,</span> <span class='ocrx_word' id='word_1_41' title='bbox 829 702 959 767; x_wconf 78' lang='lat' dir='ltr'>citharae,</span> 
     </span>
     <span class='ocr_line' id='line_1_8' title="bbox 133 788 960 866; baseline -0.015 -9"><span class='ocrx_word' id='word_1_42' title='bbox 133 806 262 857; x_wconf 79' lang='lat' dir='ltr'>tesserae.</span> <span class='ocrx_word' id='word_1_43' title='bbox 279 798 373 856; x_wconf 91' lang='lat' dir='ltr'>multa</span> <span class='ocrx_word' id='word_1_44' title='bbox 392 803 420 854; x_wconf 89' lang='lat' dir='ltr'>et</span> <span class='ocrx_word' id='word_1_45' title='bbox 432 797 515 854; x_wconf 86' lang='lat' dir='ltr'>varia</span> <span class='ocrx_word' id='word_1_46' title='bbox 529 810 640 866; x_wconf 74' lang='lat' dir='ltr'>ponera</span> <span class='ocrx_word' id='word_1_47' title='bbox 654 809 798 851; x_wconf 90' lang='lat' dir='ltr'>sonorum</span> <span class='ocrx_word' id='word_1_48' title='bbox 818 797 904 864; x_wconf 91' lang='lat' dir='ltr'>atque</span> <span class='ocrx_word' id='word_1_49' title='bbox 918 788 960 845; x_wconf 92' lang='lat' dir='ltr'>lu·</span> 
     </span>
     <span class='ocr_line' id='line_1_9' title="bbox 134 877 962 959; baseline -0.012 -15"><span class='ocrx_word' id='word_1_50' title='bbox 134 888 243 946; x_wconf 91' lang='lat' dir='ltr'>dorum</span> <span class='ocrx_word' id='word_1_51' title='bbox 257 887 401 945; x_wconf 88' lang='lat' dir='ltr'>:hoccine</span> <span class='ocrx_word' id='word_1_52' title='bbox 411 889 455 944; x_wconf 93' lang='lat' dir='ltr'>est</span> <span class='ocrx_word' id='word_1_53' title='bbox 467 900 670 959; x_wconf 81' lang='lat' dir='ltr'>arescereproe</span> <span class='ocrx_word' id='word_1_54' title='bbox 681 883 797 949; x_wconf 90' lang='lat' dir='ltr'>timore,</span> <span class='ocrx_word' id='word_1_55' title='bbox 810 896 850 938; x_wconf 89' lang='lat' dir='ltr'>au</span> <span class='ocrx_word' id='word_1_56' title='bbox 863 877 962 954; x_wconf 91' lang='lat' dir='ltr'>potius</span> 
     </span>
     <span class='ocr_line' id='line_1_10' title="bbox 135 969 962 1049; baseline -0.013 -14"><span class='ocrx_word' id='word_1_57' title='bbox 135 978 310 1035; x_wconf 88' lang='lat' dir='ltr'>madescere</span> <span class='ocrx_word' id='word_1_58' title='bbox 320 993 381 1049; x_wconf 84' lang='lat' dir='ltr'>prae</span> <span class='ocrx_word' id='word_1_59' title='bbox 396 975 540 1033; x_wconf 86' lang='lat' dir='ltr'>libidine?</span> <span class='ocrx_word' id='word_1_60' title='bbox 555 974 611 1032; x_wconf 88' lang='lat' dir='ltr'>Sed</span> <span class='ocrx_word' id='word_1_61' title='bbox 624 973 688 1030; x_wconf 77' lang='lat' dir='ltr'>bac</span> <span class='ocrx_word' id='word_1_62' title='bbox 702 971 756 1028; x_wconf 89' lang='lat' dir='ltr'>lilii</span> <span class='ocrx_word' id='word_1_63' title='bbox 771 969 962 1028; x_wconf 90' lang='lat' dir='ltr'>tenebrarum</span> 
     </span>
     <span class='ocr_line' id='line_1_11' title="bbox 136 1055 963 1131; baseline -0.013 -7"><span class='ocrx_word' id='word_1_64' title='bbox 136 1066 339 1124; x_wconf 88' lang='lat' dir='ltr'>abundantias</span> <span class='ocrx_word' id='word_1_65' title='bbox 360 1063 524 1131; x_wconf 87' lang='lat' dir='ltr'>habebunt,</span> <span class='ocrx_word' id='word_1_66' title='bbox 542 1069 570 1121; x_wconf 92' lang='lat' dir='ltr'>et</span> <span class='ocrx_word' id='word_1_67' title='bbox 589 1061 780 1128; x_wconf 86' lang='lat' dir='ltr'>exercebunt,</span> <span class='ocrx_word' id='word_1_68' title='bbox 797 1074 867 1116; x_wconf 87' lang='lat' dir='ltr'>oum</span> <span class='ocrx_word' id='word_1_69' title='bbox 881 1055 963 1114; x_wconf 86' lang='lat' dir='ltr'>dixe·</span> 
     </span>
     <span class='ocr_line' id='line_1_12' title="bbox 135 1155 497 1223; baseline -0.014 -10"><span class='ocrx_word' id='word_1_70' title='bbox 135 1155 206 1223; x_wconf 91' lang='lat' dir='ltr'>rint,</span> <span class='ocrx_word' id='word_1_71' title='bbox 223 1157 291 1213; x_wconf 76' lang='lat' dir='ltr'>Pae</span> <span class='ocrx_word' id='word_1_72' title='bbox 304 1162 331 1212; x_wconf 88' lang='lat' dir='ltr'>et</span> <span class='ocrx_word' id='word_1_73' title='bbox 342 1156 497 1212; x_wconf 77' lang='lat' dir='ltr'>securitas.</span> 
     </span>
    </p>
   </div>
   <div class='ocr_carea' id='block_1_3' title="bbox 135 1254 970 3451">
    <p class='ocr_par' dir='ltr' id='par_1_3' title="bbox 135 1254 970 3451">
     <span class='ocr_line' id='line_1_13' title="bbox 173 1254 964 1333; baseline -0.014 -14"><span class='ocrx_word' id='word_1_74' title='bbox 173 1265 217 1319; x_wconf 84' lang='lat'>38.</span> <span class='ocrx_word' id='word_1_75' title='bbox 234 1260 310 1327; x_wconf 90' lang='lat' dir='ltr'>Quid</span> <span class='ocrx_word' id='word_1_76' title='bbox 321 1260 378 1333; x_wconf 87' lang='lat' dir='ltr'>ipsi</span> <span class='ocrx_word' id='word_1_77' title='bbox 393 1259 445 1316; x_wconf 91' lang='lat' dir='ltr'>lilii</span> <span class='ocrx_word' id='word_1_78' title='bbox 460 1259 534 1316; x_wconf 91' lang='lat' dir='ltr'>lucis</span> <span class='ocrx_word' id='word_1_79' title='bbox 545 1264 574 1315; x_wconf 90' lang='lat' dir='ltr'>et</span> <span class='ocrx_word' id='word_1_80' title='bbox 587 1255 640 1313; x_wconf 84' lang='lat' dir='ltr'>lilii</span> <span class='ocrx_word' id='word_1_81' title='bbox 656 1255 728 1322; x_wconf 89' lang='lat' dir='ltr'>diei,</span> <span class='ocrx_word' id='word_1_82' title='bbox 748 1254 874 1328; x_wconf 91' lang='lat' dir='ltr'>quinon</span> <span class='ocrx_word' id='word_1_83' title='bbox 894 1255 964 1308; x_wconf 91' lang='lat' dir='ltr'>sunt</span> 
     </span>
     <span class='ocr_line' id='line_1_14' title="bbox 137 1342 963 1421; baseline -0.015 -14"><span class='ocrx_word' id='word_1_84' title='bbox 137 1350 167 1407; x_wconf 90' lang='lat' dir='ltr'>in</span> <span class='ocrx_word' id='word_1_85' title='bbox 184 1349 326 1417; x_wconf 89' lang='lat' dir='ltr'>tenebris,</span> <span class='ocrx_word' id='word_1_86' title='bbox 343 1354 375 1405; x_wconf 92' lang='lat' dir='ltr'>ut</span> <span class='ocrx_word' id='word_1_87' title='bbox 389 1364 440 1405; x_wconf 92' lang='lat' dir='ltr'>eos</span> <span class='ocrx_word' id='word_1_88' title='bbox 461 1355 606 1421; x_wconf 89' lang='lat' dir='ltr'>tanquam</span> <span class='ocrx_word' id='word_1_89' title='bbox 621 1345 669 1403; x_wconf 84' lang='lat' dir='ltr'>tar</span> <span class='ocrx_word' id='word_1_90' title='bbox 682 1344 745 1400; x_wconf 91' lang='lat' dir='ltr'>dies</span> <span class='ocrx_word' id='word_1_91' title='bbox 762 1342 810 1400; x_wconf 92' lang='lat' dir='ltr'>ille</span> <span class='ocrx_word' id='word_1_92' title='bbox 823 1354 963 1413; x_wconf 89' lang='lat' dir='ltr'>compre·</span> 
     </span>
     <span class='ocr_line' id='line_1_15' title="bbox 137 1432 963 1504; baseline -0.012 -9"><span class='ocrx_word' id='word_1_93' title='bbox 137 1436 486 1496; x_wconf 87' lang='lat' dir='ltr'>bendatinonneadhuc</span> <span class='ocrx_word' id='word_1_94' title='bbox 496 1436 682 1493; x_wconf 89' lang='lat' dir='ltr'>utunturhoc</span> <span class='ocrx_word' id='word_1_95' title='bbox 692 1432 807 1490; x_wconf 89' lang='lat' dir='ltr'>mundo</span> <span class='ocrx_word' id='word_1_96' title='bbox 817 1438 963 1504; x_wconf 90' lang='lat' dir='ltr'>tanquam</span> 
     </span>
     <span class='ocr_line' id='line_1_16' title="bbox 136 1522 965 1592; baseline -0.012 -9"><span class='ocrx_word' id='word_1_97' title='bbox 136 1543 198 1584; x_wconf 93' lang='lat' dir='ltr'>non</span> <span class='ocrx_word' id='word_1_98' title='bbox 212 1531 328 1583; x_wconf 90' lang='lat' dir='ltr'>utentes</span> <span class='ocrx_word' id='word_1_99' title='bbox 340 1526 354 1581; x_wconf 85' lang='lat' dir='ltr'>i</span> <span class='ocrx_word' id='word_1_100' title='bbox 365 1526 440 1592; x_wconf 81' lang='lat' dir='ltr'>Quia</span> <span class='ocrx_word' id='word_1_101' title='bbox 451 1525 506 1582; x_wconf 87' lang='lat' dir='ltr'>etsi</span> <span class='ocrx_word' id='word_1_102' title='bbox 515 1528 584 1583; x_wconf 87' lang='lat' dir='ltr'>ante</span> <span class='ocrx_word' id='word_1_103' title='bbox 600 1522 711 1580; x_wconf 89' lang='lat' dir='ltr'>multos</span> <span class='ocrx_word' id='word_1_104' title='bbox 723 1536 830 1586; x_wconf 92' lang='lat' dir='ltr'>annos,</span> <span class='ocrx_word' id='word_1_105' title='bbox 842 1523 965 1592; x_wconf 76' lang='lat' dir='ltr'>aposto-</span> 
     </span>
     <span class='ocr_line' id='line_1_17' title="bbox 136 1607 966 1686; baseline -0.011 -14"><span class='ocrx_word' id='word_1_106' title='bbox 136 1615 236 1675; x_wconf 94' lang='lat' dir='ltr'>lorum</span> <span class='ocrx_word' id='word_1_107' title='bbox 252 1615 437 1686; x_wconf 86' lang='lat' dir='ltr'>temporibus</span> <span class='ocrx_word' id='word_1_108' title='bbox 451 1614 566 1671; x_wconf 91' lang='lat' dir='ltr'>dictum</span> <span class='ocrx_word' id='word_1_109' title='bbox 580 1618 634 1679; x_wconf 88' lang='lat' dir='ltr'>est,</span> <span class='ocrx_word' id='word_1_110' title='bbox 649 1613 700 1685; x_wconf 91' lang='lat' dir='ltr'>pia</span> <span class='ocrx_word' id='word_1_111' title='bbox 711 1616 811 1667; x_wconf 76' lang='lat' dir='ltr'>mmen</span> <span class='ocrx_word' id='word_1_112' title='bbox 824 1607 966 1665; x_wconf 87' lang='lat' dir='ltr'>sollicitu-</span> 
     </span>
     <span class='ocr_line' id='line_1_18' title="bbox 138 1698 964 1776; baseline -0.008 -15"><span class='ocrx_word' id='word_1_113' title='bbox 138 1704 208 1761; x_wconf 86' lang='lat' dir='ltr'>dine</span> <span class='ocrx_word' id='word_1_114' title='bbox 222 1704 356 1775; x_wconf 79' lang='lat' dir='ltr'>cogitant</span> <span class='ocrx_word' id='word_1_115' title='bbox 368 1705 451 1776; x_wconf 91' lang='lat' dir='ltr'>quod</span> <span class='ocrx_word' id='word_1_116' title='bbox 473 1703 654 1768; x_wconf 90' lang='lat' dir='ltr'>dictumest,</span> <span class='ocrx_word' id='word_1_117' title='bbox 672 1702 796 1771; x_wconf 78' lang='lat' dir='ltr'>Tempus</span> <span class='ocrx_word' id='word_1_118' title='bbox 824 1698 910 1756; x_wconf 86' lang='lat' dir='ltr'>breue</span> <span class='ocrx_word' id='word_1_119' title='bbox 923 1703 964 1755; x_wconf 91' lang='lat' dir='ltr'>est</span> 
     </span>
     <span class='ocr_line' id='line_1_19' title="bbox 139 1789 965 1866; baseline -0.01 -16"><span class='ocrx_word' id='word_1_120' title='bbox 139 1794 162 1866; x_wconf 88' lang='lat' dir='ltr'>(l</span> <span class='ocrx_word' id='word_1_121' title='bbox 178 1793 247 1850; x_wconf 83' lang='lat' dir='ltr'>Cor.</span> <span class='ocrx_word' id='word_1_122' title='bbox 264 1809 314 1859; x_wconf 87' lang='lat' dir='ltr'>vu,</span> <span class='ocrx_word' id='word_1_123' title='bbox 328 1795 385 1863; x_wconf 76' lang='lat'>29).</span> <span class='ocrx_word' id='word_1_124' title='bbox 401 1794 504 1849; x_wconf 86' lang='lat' dir='ltr'>Nonne</span> <span class='ocrx_word' id='word_1_125' title='bbox 520 1808 539 1848; x_wconf 91' lang='lat' dir='ltr'>a</span> <span class='ocrx_word' id='word_1_126' title='bbox 558 1789 689 1848; x_wconf 84' lang='lat' dir='ltr'>maxima</span> <span class='ocrx_word' id='word_1_127' title='bbox 701 1795 784 1861; x_wconf 89' lang='lat' dir='ltr'>parte</span> <span class='ocrx_word' id='word_1_128' title='bbox 796 1803 899 1844; x_wconf 90' lang='lat' dir='ltr'>eornm</span> <span class='ocrx_word' id='word_1_129' title='bbox 913 1801 965 1843; x_wconf 95' lang='lat' dir='ltr'>no·</span> 
     </span>
     <span class='ocr_line' id='line_1_20' title="bbox 138 1878 965 1951; baseline -0.008 -13"><span class='ocrx_word' id='word_1_130' title='bbox 138 1881 274 1948; x_wconf 77' lang='lat' dir='ltr'>vellatur,</span> <span class='ocrx_word' id='word_1_131' title='bbox 297 1880 470 1946; x_wconf 78' lang='lat' dir='ltr'>aedificatur.</span> <span class='ocrx_word' id='word_1_132' title='bbox 486 1881 605 1948; x_wconf 91' lang='lat' dir='ltr'>emitur,</span> <span class='ocrx_word' id='word_1_133' title='bbox 627 1878 806 1951; x_wconf 87' lang='lat' dir='ltr'>possidetur,</span> <span class='ocrx_word' id='word_1_134' title='bbox 822 1883 965 1949; x_wconf 78' lang='lat' dir='ltr'>geruntur</span> 
     </span>
     <span class='ocr_line' id='line_1_21' title="bbox 139 1965 964 2039; baseline -0.008 -12"><span class='ocrx_word' id='word_1_135' title='bbox 139 1970 238 2027; x_wconf 91' lang='lat' dir='ltr'>adbuc</span> <span class='ocrx_word' id='word_1_136' title='bbox 253 1970 393 2036; x_wconf 89' lang='lat' dir='ltr'>bonores,</span> <span class='ocrx_word' id='word_1_137' title='bbox 413 1968 564 2025; x_wconf 90' lang='lat' dir='ltr'>ducuntur</span> <span class='ocrx_word' id='word_1_138' title='bbox 578 1982 685 2024; x_wconf 79' lang='lat' dir='ltr'>uxores</span> <span class='ocrx_word' id='word_1_139' title='bbox 699 1965 714 2023; x_wconf 82' lang='lat' dir='ltr'>i</span> <span class='ocrx_word' id='word_1_140' title='bbox 729 1969 767 2023; x_wconf 84' lang='lat' dir='ltr'>lie</span> <span class='ocrx_word' id='word_1_141' title='bbox 788 1966 823 2022; x_wconf 88' lang='lat' dir='ltr'>iis</span> <span class='ocrx_word' id='word_1_142' title='bbox 846 1965 964 2039; x_wconf 89' lang='lat' dir='ltr'>loquor,</span> 
     </span>
     <span class='ocr_line' id='line_1_22' title="bbox 137 2053 966 2131; baseline -0.005 -16"><span class='ocrx_word' id='word_1_143' title='bbox 137 2059 188 2130; x_wconf 92' lang='lat' dir='ltr'>qni</span> <span class='ocrx_word' id='word_1_144' title='bbox 201 2063 407 2131; x_wconf 79' lang='lat' dir='ltr'>exspectantes</span> <span class='ocrx_word' id='word_1_145' title='bbox 417 2057 579 2114; x_wconf 90' lang='lat' dir='ltr'>Dominum</span> <span class='ocrx_word' id='word_1_146' title='bbox 589 2072 688 2122; x_wconf 86' lang='lat' dir='ltr'>snum,</span> <span class='ocrx_word' id='word_1_147' title='bbox 697 2053 823 2128; x_wconf 90' lang='lat' dir='ltr'>quando</span> <span class='ocrx_word' id='word_1_148' title='bbox 838 2055 966 2111; x_wconf 80' lang='lat' dir='ltr'>veniale</span> 
     </span>
     <span class='ocr_line' id='line_1_23' title="bbox 136 2144 965 2219; baseline -0.004 -16"><span class='ocrx_word' id='word_1_149' title='bbox 136 2148 248 2219; x_wconf 88' lang='lat' dir='ltr'>nuptiis</span> <span class='ocrx_word' id='word_1_150' title='bbox 271 2148 353 2218; x_wconf 83' lang='lat' dir='ltr'>(Eae.</span> <span class='ocrx_word' id='word_1_151' title='bbox 370 2162 419 2211; x_wconf 74' lang='grc' dir='ltr'>ιιι,</span> <span class='ocrx_word' id='word_1_152' title='bbox 443 2145 500 2219; x_wconf 84' lang='grc'><strong>36),</strong></span> <span class='ocrx_word' id='word_1_153' title='bbox 517 2161 578 2203; x_wconf 91' lang='lat' dir='ltr'>non</span> <span class='ocrx_word' id='word_1_154' title='bbox 602 2162 634 2202; x_wconf 89' lang='lat' dir='ltr'>se</span> <span class='ocrx_word' id='word_1_155' title='bbox 655 2149 756 2202; x_wconf 89' lang='lat' dir='ltr'>tamen</span> <span class='ocrx_word' id='word_1_156' title='bbox 771 2144 922 2201; x_wconf 85' lang='lat' dir='ltr'>abstinent</span> <span class='ocrx_word' id='word_1_157' title='bbox 946 2158 965 2200; x_wconf 88' lang='lat' dir='ltr'>a</span> 
     </span>
     <span class='ocr_line' id='line_1_24' title="bbox 137 2233 964 2309; baseline -0.006 -16"><span class='ocrx_word' id='word_1_158' title='bbox 137 2235 308 2293; x_wconf 89' lang='lat' dir='ltr'>carnalibus</span> <span class='ocrx_word' id='word_1_159' title='bbox 333 2236 454 2309; x_wconf 86' lang='lat' dir='ltr'>nuptiis,</span> <span class='ocrx_word' id='word_1_160' title='bbox 478 2235 532 2293; x_wconf 90' lang='lat' dir='ltr'>sed</span> <span class='ocrx_word' id='word_1_161' title='bbox 556 2233 802 2292; x_wconf 85' lang='lat' dir='ltr'>obedientissima</span> <span class='ocrx_word' id='word_1_162' title='bbox 822 2233 964 2290; x_wconf 86' lang='lat' dir='ltr'>charitate</span> 
     </span>
     <span class='ocr_line' id='line_1_25' title="bbox 136 2320 965 2398; baseline -0.005 -15"><span class='ocrx_word' id='word_1_163' title='bbox 136 2325 264 2383; x_wconf 90' lang='lat' dir='ltr'>audiunt</span> <span class='ocrx_word' id='word_1_164' title='bbox 275 2324 452 2398; x_wconf 76' lang='lat' dir='ltr'>Apostolum</span> <span class='ocrx_word' id='word_1_165' title='bbox 467 2324 689 2397; x_wconf 77' lang='lat' dir='ltr'>precipientem</span> <span class='ocrx_word' id='word_1_166' title='bbox 702 2320 965 2396; x_wconf 88' lang='lat' dir='ltr'>quemadmodum</span> 
     </span>
     <span class='ocr_line' id='line_1_26' title="bbox 137 2410 965 2479; baseline -0.005 -9"><span class='ocrx_word' id='word_1_167' title='bbox 137 2415 235 2471; x_wconf 82' lang='lat' dir='ltr'>virere</span> <span class='ocrx_word' id='word_1_168' title='bbox 251 2414 382 2471; x_wconf 90' lang='lat' dir='ltr'>debeant</span> <span class='ocrx_word' id='word_1_169' title='bbox 398 2429 505 2472; x_wconf 87' lang='lat' dir='ltr'>uxores</span> <span class='ocrx_word' id='word_1_170' title='bbox 526 2429 595 2470; x_wconf 90' lang='lat' dir='ltr'>curn</span> <span class='ocrx_word' id='word_1_171' title='bbox 616 2412 698 2479; x_wconf 79' lang='lat' dir='ltr'>viris,</span> <span class='ocrx_word' id='word_1_172' title='bbox 716 2412 770 2468; x_wconf 84' lang='lat' dir='ltr'>viri</span> <span class='ocrx_word' id='word_1_173' title='bbox 785 2428 854 2468; x_wconf 91' lang='lat' dir='ltr'>cnm</span> <span class='ocrx_word' id='word_1_174' title='bbox 870 2410 965 2468; x_wconf 83' lang='lat' dir='ltr'>uxori·</span> 
     </span>
     <span class='ocr_line' id='line_1_27' title="bbox 135 2498 964 2575; baseline -0.007 -14"><span class='ocrx_word' id='word_1_175' title='bbox 135 2502 268 2569; x_wconf 90' lang='lat' dir='ltr'>bus,lllil</span> <span class='ocrx_word' id='word_1_176' title='bbox 282 2518 349 2559; x_wconf 92' lang='lat' dir='ltr'>cum</span> <span class='ocrx_word' id='word_1_177' title='bbox 363 2502 697 2575; x_wconf 89' lang='lat' dir='ltr'>parentibus,parentes</span> <span class='ocrx_word' id='word_1_178' title='bbox 710 2517 778 2558; x_wconf 91' lang='lat' dir='ltr'>cum</span> <span class='ocrx_word' id='word_1_179' title='bbox 793 2500 872 2567; x_wconf 86' lang='lat' dir='ltr'>liliis,</span> <span class='ocrx_word' id='word_1_180' title='bbox 889 2498 964 2556; x_wconf 81' lang='lat' dir='ltr'>servi</span> 
     </span>
     <span class='ocr_line' id='line_1_28' title="bbox 137 2588 965 2656; baseline -0.005 -8"><span class='ocrx_word' id='word_1_181' title='bbox 137 2607 206 2648; x_wconf 90' lang='lat' dir='ltr'>cum</span> <span class='ocrx_word' id='word_1_182' title='bbox 219 2591 361 2656; x_wconf 89' lang='lat' dir='ltr'>dominis,</span> <span class='ocrx_word' id='word_1_183' title='bbox 377 2590 493 2648; x_wconf 90' lang='lat' dir='ltr'>domini</span> <span class='ocrx_word' id='word_1_184' title='bbox 503 2607 570 2647; x_wconf 92' lang='lat' dir='ltr'>cam</span> <span class='ocrx_word' id='word_1_185' title='bbox 582 2590 675 2647; x_wconf 87' lang='lat' dir='ltr'>servis</span> <span class='ocrx_word' id='word_1_186' title='bbox 689 2607 697 2644; x_wconf 81' lang='lat' dir='ltr'>r</span> <span class='ocrx_word' id='word_1_187' title='bbox 710 2588 849 2647; x_wconf 87' lang='lat' dir='ltr'>nonnehi</span> <span class='ocrx_word' id='word_1_188' title='bbox 859 2602 965 2647; x_wconf 87' lang='lat' dir='ltr'>omnes</span> 
     </span>
     <span class='ocr_line' id='line_1_29' title="bbox 137 2677 965 2743; baseline -0.005 -5"><span class='ocrx_word' id='word_1_189' title='bbox 137 2680 169 2738; x_wconf 92' lang='lat' dir='ltr'>in</span> <span class='ocrx_word' id='word_1_190' title='bbox 183 2680 230 2737; x_wconf 91' lang='lat' dir='ltr'>his</span> <span class='ocrx_word' id='word_1_191' title='bbox 244 2680 387 2738; x_wconf 89' lang='lat' dir='ltr'>omnibus</span> <span class='ocrx_word' id='word_1_192' title='bbox 401 2683 524 2737; x_wconf 91' lang='lat' dir='ltr'>utuntur</span> <span class='ocrx_word' id='word_1_193' title='bbox 537 2679 595 2736; x_wconf 92' lang='lat' dir='ltr'>boo</span> <span class='ocrx_word' id='word_1_194' title='bbox 614 2678 729 2736; x_wconf 90' lang='lat' dir='ltr'>mundo</span> <span class='ocrx_word' id='word_1_195' title='bbox 740 2679 756 2734; x_wconf 85' lang='lat' dir='ltr'>‘l</span> <span class='ocrx_word' id='word_1_196' title='bbox 766 2681 866 2743; x_wconf 78' lang='lat' dir='ltr'>Arent,</span> <span class='ocrx_word' id='word_1_197' title='bbox 882 2677 965 2735; x_wconf 81' lang='lat' dir='ltr'>nari·</span> 
     </span>
     <span class='ocr_line' id='line_1_30' title="bbox 138 2767 963 2843; baseline -0.004 -16"><span class='ocrx_word' id='word_1_198' title='bbox 138 2775 221 2841; x_wconf 76' lang='lat' dir='ltr'>gant,</span> <span class='ocrx_word' id='word_1_199' title='bbox 233 2773 420 2843; x_wconf 82' lang='lat' dir='ltr'>comparant,</span> <span class='ocrx_word' id='word_1_200' title='bbox 432 2774 585 2842; x_wconf 71' lang='lat' dir='ltr'>generant,</span> <span class='ocrx_word' id='word_1_201' title='bbox 598 2767 734 2838; x_wconf 89' lang='lat' dir='ltr'>militant,</span> <span class='ocrx_word' id='word_1_202' title='bbox 744 2767 963 2824; x_wconf 90' lang='lat' dir='ltr'>administrant.</span> 
     </span>
     <span class='ocr_line' id='line_1_31' title="bbox 138 2856 965 2931; baseline 0 -18"><span class='ocrx_word' id='word_1_203' title='bbox 138 2857 214 2915; x_wconf 92' lang='lat' dir='ltr'>Puto</span> <span class='ocrx_word' id='word_1_204' title='bbox 235 2857 318 2931; x_wconf 92' lang='lat' dir='ltr'>quod</span> <span class='ocrx_word' id='word_1_205' title='bbox 335 2873 396 2914; x_wconf 91' lang='lat' dir='ltr'>non</span> <span class='ocrx_word' id='word_1_206' title='bbox 417 2863 504 2915; x_wconf 90' lang='lat' dir='ltr'>erunt</span> <span class='ocrx_word' id='word_1_207' title='bbox 523 2856 576 2928; x_wconf 86' lang='lat' dir='ltr'>sio,</span> <span class='ocrx_word' id='word_1_208' title='bbox 595 2857 719 2931; x_wconf 91' lang='lat' dir='ltr'>quando</span> <span class='ocrx_word' id='word_1_209' title='bbox 738 2863 836 2924; x_wconf 72' lang='lat' dir='ltr'>munt,</span> <span class='ocrx_word' id='word_1_210' title='bbox 852 2872 920 2930; x_wconf 84' lang='lat' dir='ltr'>quas</span> <span class='ocrx_word' id='word_1_211' title='bbox 934 2856 965 2913; x_wconf 92' lang='lat' dir='ltr'>ln</span> 
     </span>
     <span class='ocr_line' id='line_1_32' title="bbox 138 2946 967 3020; baseline -0.001 -17"><span class='ocrx_word' id='word_1_212' title='bbox 138 2946 300 3018; x_wconf 75' lang='lat' dir='ltr'>Evangelio</span> <span class='ocrx_word' id='word_1_213' title='bbox 315 2946 456 3020; x_wconf 81' lang='lat' dir='ltr'>predicta</span> <span class='ocrx_word' id='word_1_214' title='bbox 474 2952 553 3016; x_wconf 90' lang='lat' dir='ltr'>sunt,</span> <span class='ocrx_word' id='word_1_215' title='bbox 568 2947 656 3019; x_wconf 85' lang='lat' dir='ltr'>sipna</span> <span class='ocrx_word' id='word_1_216' title='bbox 670 2949 701 3005; x_wconf 88' lang='lat' dir='ltr'>in</span> <span class='ocrx_word' id='word_1_217' title='bbox 715 2948 786 3012; x_wconf 86' lang='lat' dir='ltr'>sote,</span> <span class='ocrx_word' id='word_1_218' title='bbox 800 2953 827 3005; x_wconf 89' lang='lat' dir='ltr'>et</span> <span class='ocrx_word' id='word_1_219' title='bbox 841 2946 924 3013; x_wconf 83' lang='lat' dir='ltr'>luna.</span> <span class='ocrx_word' id='word_1_220' title='bbox 939 2951 967 3004; x_wconf 89' lang='lat' dir='ltr'>et</span> 
     </span>
     <span class='ocr_line' id='line_1_33' title="bbox 140 3035 965 3108; baseline -0.002 -14"><span class='ocrx_word' id='word_1_221' title='bbox 140 3037 246 3102; x_wconf 84' lang='lat' dir='ltr'>stellis,</span> <span class='ocrx_word' id='word_1_222' title='bbox 261 3042 289 3093; x_wconf 90' lang='lat' dir='ltr'>et</span> <span class='ocrx_word' id='word_1_223' title='bbox 314 3037 346 3093; x_wconf 87' lang='lat' dir='ltr'>in</span> <span class='ocrx_word' id='word_1_224' title='bbox 371 3035 459 3094; x_wconf 79' lang='lat' dir='ltr'>terris</span> <span class='ocrx_word' id='word_1_225' title='bbox 471 3052 614 3106; x_wconf 86' lang='lat' dir='ltr'>pressura</span> <span class='ocrx_word' id='word_1_226' title='bbox 628 3038 768 3108; x_wconf 84' lang='lat' dir='ltr'>pentiam,</span> <span class='ocrx_word' id='word_1_227' title='bbox 782 3051 847 3107; x_wconf 76' lang='lat' dir='ltr'>prce</span> <span class='ocrx_word' id='word_1_228' title='bbox 861 3035 965 3107; x_wconf 74' lang='lat' dir='ltr'>consu</span> 
     </span>
     <span class='ocr_line' id='line_1_34' title="bbox 139 3123 968 3196; baseline -0.004 -13"><span class='ocrx_word' id='word_1_229' title='bbox 139 3126 219 3183; x_wconf 82' lang='lat' dir='ltr'>siorre</span> <span class='ocrx_word' id='word_1_230' title='bbox 231 3126 345 3183; x_wconf 89' lang='lat' dir='ltr'>sonitus</span> <span class='ocrx_word' id='word_1_231' title='bbox 357 3125 450 3183; x_wconf 88' lang='lat' dir='ltr'>maris</span> <span class='ocrx_word' id='word_1_232' title='bbox 460 3127 637 3195; x_wconf 76' lang='lat' dir='ltr'>etltnctuom</span> <span class='ocrx_word' id='word_1_233' title='bbox 648 3148 658 3196; x_wconf 93' lang='lat'>,·</span> <span class='ocrx_word' id='word_1_234' title='bbox 669 3126 868 3183; x_wconf 81' lang='lat' dir='ltr'>arescentibus</span> <span class='ocrx_word' id='word_1_235' title='bbox 876 3123 968 3182; x_wconf 81' lang='lat' dir='ltr'>bomi-</span> 
     </span>
     <span class='ocr_line' id='line_1_35' title="bbox 139 3214 967 3287; baseline -0.002 -15"><span class='ocrx_word' id='word_1_236' title='bbox 139 3215 229 3272; x_wconf 86' lang='lat' dir='ltr'>nibas</span> <span class='ocrx_word' id='word_1_237' title='bbox 243 3230 308 3285; x_wconf 77' lang='lat' dir='ltr'>pra</span> <span class='ocrx_word' id='word_1_238' title='bbox 332 3215 446 3280; x_wconf 87' lang='lat' dir='ltr'>timore,</span> <span class='ocrx_word' id='word_1_239' title='bbox 472 3222 498 3272; x_wconf 86' lang='lat' dir='ltr'>et</span> <span class='ocrx_word' id='word_1_240' title='bbox 512 3214 732 3284; x_wconf 74' lang='lat' dir='ltr'>exspectatione</span> <span class='ocrx_word' id='word_1_241' title='bbox 745 3229 811 3287; x_wconf 77' lang='lat' dir='ltr'>qua</span> <span class='ocrx_word' id='word_1_242' title='bbox 831 3229 967 3284; x_wconf 85' lang='lat' dir='ltr'>superue-</span> 
     </span>
     <span class='ocr_line' id='line_1_36' title="bbox 140 3303 970 3362; baseline 0 -1"><span class='ocrx_word' id='word_1_243' title='bbox 140 3304 223 3362; x_wconf 88' lang='lat' dir='ltr'>nient</span> <span class='ocrx_word' id='word_1_244' title='bbox 238 3305 377 3361; x_wconf 85' lang='lat' dir='ltr'>uniuerso</span> <span class='ocrx_word' id='word_1_245' title='bbox 392 3303 458 3361; x_wconf 85' lang='lat' dir='ltr'>orti</span> <span class='ocrx_word' id='word_1_246' title='bbox 473 3320 481 3360; x_wconf 93' lang='grc'>.·</span> <span class='ocrx_word' id='word_1_247' title='bbox 497 3319 567 3361; x_wconf 88' lang='lat' dir='ltr'>nam</span> <span class='ocrx_word' id='word_1_248' title='bbox 584 3303 707 3362; x_wconf 83' lang='lat' dir='ltr'>virtutes</span> <span class='ocrx_word' id='word_1_249' title='bbox 718 3304 860 3362; x_wconf 81' lang='lat' dir='ltr'>catorum</span> <span class='ocrx_word' id='word_1_250' title='bbox 875 3318 970 3361; x_wconf 90' lang='lat' dir='ltr'>moue·</span> 
     </span>
     <span class='ocr_line' id='line_1_37' title="bbox 142 3392 265 3451; baseline 0 -2"><span class='ocrx_word' id='word_1_251' title='bbox 142 3392 265 3451; x_wconf 85' lang='lat' dir='ltr'>buntur.</span> 
     </span>
    </p>
   </div>
   <div class='ocr_carea' id='block_1_4' title="bbox 144 3497 979 5711">
    <p class='ocr_par' dir='ltr' id='par_1_4' title="bbox 144 3497 979 5711">
     <span class='ocr_line' id='line_1_38' title="bbox 179 3497 969 3572; baseline -0.004 -15"><span class='ocrx_word' id='word_1_252' title='bbox 179 3504 223 3557; x_wconf 83' lang='grc'>39.</span> <span class='ocrx_word' id='word_1_253' title='bbox 235 3500 302 3556; x_wconf 84' lang='lat' dir='ltr'>liaec</span> <span class='ocrx_word' id='word_1_254' title='bbox 313 3499 426 3572; x_wconf 89' lang='lat' dir='ltr'>qnippe</span> <span class='ocrx_word' id='word_1_255' title='bbox 434 3498 465 3555; x_wconf 91' lang='lat' dir='ltr'>in</span> <span class='ocrx_word' id='word_1_256' title='bbox 476 3499 607 3557; x_wconf 83' lang='lat' dir='ltr'>Ecclesia</span> <span class='ocrx_word' id='word_1_257' title='bbox 616 3498 722 3556; x_wconf 90' lang='lat' dir='ltr'>melius</span> <span class='ocrx_word' id='word_1_258' title='bbox 735 3499 873 3556; x_wconf 86' lang='lat' dir='ltr'>existimo</span> <span class='ocrx_word' id='word_1_259' title='bbox 885 3497 969 3556; x_wconf 89' lang='lat' dir='ltr'>intel·</span> 
     </span>
     <span class='ocr_line' id='line_1_39' title="bbox 144 3585 970 3661; baseline -0.001 -17"><span class='ocrx_word' id='word_1_260' title='bbox 144 3588 208 3659; x_wconf 79' lang='lat' dir='ltr'>ligi,</span> <span class='ocrx_word' id='word_1_261' title='bbox 223 3604 261 3645; x_wconf 91' lang='lat' dir='ltr'>ne</span> <span class='ocrx_word' id='word_1_262' title='bbox 285 3587 429 3644; x_wconf 88' lang='lat' dir='ltr'>Dominus</span> <span class='ocrx_word' id='word_1_263' title='bbox 449 3588 533 3644; x_wconf 85' lang='lat' dir='ltr'>lesus</span> <span class='ocrx_word' id='word_1_264' title='bbox 555 3587 821 3661; x_wconf 86' lang='lat' dir='ltr'>appropinquante</span> <span class='ocrx_word' id='word_1_265' title='bbox 836 3585 970 3644; x_wconf 88' lang='lat' dir='ltr'>secundo</span> 
     </span>
     <span class='ocr_line' id='line_1_40' title="bbox 145 3674 969 3749; baseline 0.001 -18"><span class='ocrx_word' id='word_1_266' title='bbox 145 3675 276 3732; x_wconf 85' lang='lat' dir='ltr'>adventu</span> <span class='ocrx_word' id='word_1_267' title='bbox 296 3692 351 3733; x_wconf 93' lang='lat' dir='ltr'>suo</span> <span class='ocrx_word' id='word_1_268' title='bbox 376 3691 412 3733; x_wconf 90' lang='lat' dir='ltr'>ea</span> <span class='ocrx_word' id='word_1_269' title='bbox 433 3691 488 3749; x_wconf 91' lang='lat' dir='ltr'>pro</span> <span class='ocrx_word' id='word_1_270' title='bbox 504 3691 615 3749; x_wconf 75' lang='lat' dir='ltr'>magno</span> <span class='ocrx_word' id='word_1_271' title='bbox 630 3676 806 3749; x_wconf 78' lang='lat' dir='ltr'>praedixisse</span> <span class='ocrx_word' id='word_1_272' title='bbox 823 3674 969 3743; x_wconf 80' lang='lat' dir='ltr'>videatur,</span> 
     </span>
     <span class='ocr_line' id='line_1_41' title="bbox 145 3763 972 3839; baseline 0.001 -19"><span class='ocrx_word' id='word_1_273' title='bbox 145 3780 212 3838; x_wconf 84' lang='lat' dir='ltr'>qnae</span> <span class='ocrx_word' id='word_1_274' title='bbox 227 3763 298 3821; x_wconf 88' lang='lat' dir='ltr'>huic</span> <span class='ocrx_word' id='word_1_275' title='bbox 313 3765 428 3822; x_wconf 89' lang='lat' dir='ltr'>mundo</span> <span class='ocrx_word' id='word_1_276' title='bbox 448 3770 479 3822; x_wconf 91' lang='lat' dir='ltr'>et</span> <span class='ocrx_word' id='word_1_277' title='bbox 500 3772 570 3823; x_wconf 89' lang='lat' dir='ltr'>ante</span> <span class='ocrx_word' id='word_1_278' title='bbox 585 3765 717 3839; x_wconf 87' lang='lat' dir='ltr'>primum</span> <span class='ocrx_word' id='word_1_279' title='bbox 730 3769 794 3839; x_wconf 80' lang='lat' dir='ltr'>ejus</span> <span class='ocrx_word' id='word_1_280' title='bbox 808 3770 972 3823; x_wconf 85' lang='lat' dir='ltr'>adventum</span> 
     </span>
     <span class='ocr_line' id='line_1_42' title="bbox 145 3854 970 3930; baseline 0 -19"><span class='ocrx_word' id='word_1_281' title='bbox 145 3858 362 3912; x_wconf 82' lang='lat' dir='ltr'>consueverant</span> <span class='ocrx_word' id='word_1_282' title='bbox 371 3854 499 3922; x_wconf 79' lang='lat' dir='ltr'>evenire,</span> <span class='ocrx_word' id='word_1_283' title='bbox 508 3861 537 3913; x_wconf 89' lang='lat' dir='ltr'>ot</span> <span class='ocrx_word' id='word_1_284' title='bbox 544 3855 723 3913; x_wconf 88' lang='lat' dir='ltr'>irrideamur</span> <span class='ocrx_word' id='word_1_285' title='bbox 732 3855 772 3913; x_wconf 91' lang='lat' dir='ltr'>ab</span> <span class='ocrx_word' id='word_1_286' title='bbox 782 3855 883 3930; x_wconf 85' lang='lat' dir='ltr'>eisqui</span> <span class='ocrx_word' id='word_1_287' title='bbox 896 3856 970 3920; x_wconf 79' lang='lat' dir='ltr'>heo,</span> 
     </span>
     <span class='ocr_line' id='line_1_43' title="bbox 145 3942 975 4014; baseline 0.001 -16"><span class='ocrx_word' id='word_1_288' title='bbox 145 3957 213 4014; x_wconf 80' lang='lat' dir='ltr'>quse</span> <span class='ocrx_word' id='word_1_289' title='bbox 230 3943 310 4000; x_wconf 85' lang='lat' dir='ltr'>velut</span> <span class='ocrx_word' id='word_1_290' title='bbox 319 3944 486 4001; x_wconf 84' lang='lat' dir='ltr'>novissima</span> <span class='ocrx_word' id='word_1_291' title='bbox 498 3948 526 4000; x_wconf 90' lang='lat' dir='ltr'>et</span> <span class='ocrx_word' id='word_1_292' title='bbox 537 3945 675 4001; x_wconf 94' lang='lat' dir='ltr'>omnium</span> <span class='ocrx_word' id='word_1_293' title='bbox 686 3945 819 4001; x_wconf 85' lang='lat' dir='ltr'>maxima</span> <span class='ocrx_word' id='word_1_294' title='bbox 828 3942 975 4001; x_wconf 90' lang='lat' dir='ltr'>horresci-</span> 
     </span>
     <span class='ocr_line' id='line_1_44' title="bbox 146 4030 974 4104; baseline 0.001 -17"><span class='ocrx_word' id='word_1_295' title='bbox 146 4046 225 4099; x_wconf 86' lang='lat' dir='ltr'>mus,</span> <span class='ocrx_word' id='word_1_296' title='bbox 241 4030 329 4103; x_wconf 88' lang='lat' dir='ltr'>plurs</span> <span class='ocrx_word' id='word_1_297' title='bbox 349 4032 380 4088; x_wconf 91' lang='lat' dir='ltr'>in</span> <span class='ocrx_word' id='word_1_298' title='bbox 400 4032 525 4088; x_wconf 86' lang='lat' dir='ltr'>historia</span> <span class='ocrx_word' id='word_1_299' title='bbox 537 4033 681 4102; x_wconf 78' lang='lat' dir='ltr'>gentium,</span> <span class='ocrx_word' id='word_1_300' title='bbox 697 4036 725 4090; x_wconf 92' lang='lat' dir='ltr'>et</span> <span class='ocrx_word' id='word_1_301' title='bbox 739 4034 832 4091; x_wconf 93' lang='lat' dir='ltr'>multo</span> <span class='ocrx_word' id='word_1_302' title='bbox 856 4033 974 4104; x_wconf 79' lang='lat' dir='ltr'>maiora</span> 
     </span>
     <span class='ocr_line' id='line_1_45' title="bbox 147 4118 973 4188; baseline 0.004 -14"><span class='ocrx_word' id='word_1_303' title='bbox 147 4118 292 4187; x_wconf 80' lang='lat' dir='ltr'>legerunt.</span> <span class='ocrx_word' id='word_1_304' title='bbox 319 4119 451 4177; x_wconf 80' lang='lat' dir='ltr'>Ecclesia</span> <span class='ocrx_word' id='word_1_305' title='bbox 465 4125 511 4176; x_wconf 92' lang='lat' dir='ltr'>est</span> <span class='ocrx_word' id='word_1_306' title='bbox 523 4122 604 4177; x_wconf 90' lang='lat' dir='ltr'>enim</span> <span class='ocrx_word' id='word_1_307' title='bbox 627 4123 672 4177; x_wconf 88' lang='lat' dir='ltr'>sol</span> <span class='ocrx_word' id='word_1_308' title='bbox 687 4127 716 4177; x_wconf 91' lang='lat' dir='ltr'>et</span> <span class='ocrx_word' id='word_1_309' title='bbox 730 4121 803 4179; x_wconf 92' lang='lat' dir='ltr'>luna</span> <span class='ocrx_word' id='word_1_310' title='bbox 817 4126 846 4178; x_wconf 88' lang='lat' dir='ltr'>et</span> <span class='ocrx_word' id='word_1_311' title='bbox 871 4120 973 4188; x_wconf 77' lang='lat' dir='ltr'>stellae,</span> 
     </span>
     <span class='ocr_line' id='line_1_46' title="bbox 149 4205 974 4276; baseline 0.008 -15"><span class='ocrx_word' id='word_1_312' title='bbox 149 4205 326 4263; x_wconf 78' lang='lat' dir='ltr'>cnidiorum</span> <span class='ocrx_word' id='word_1_313' title='bbox 347 4214 390 4264; x_wconf 89' lang='lat' dir='ltr'>est</span> <span class='ocrx_word' id='word_1_314' title='bbox 406 4207 563 4276; x_wconf 88' lang='lat' dir='ltr'>:Speciosa</span> <span class='ocrx_word' id='word_1_315' title='bbox 582 4209 658 4265; x_wconf 85' lang='lat' dir='ltr'>sicut</span> <span class='ocrx_word' id='word_1_316' title='bbox 675 4211 758 4275; x_wconf 84' lang='lat' dir='ltr'>tuna,</span> <span class='ocrx_word' id='word_1_317' title='bbox 783 4211 877 4268; x_wconf 87' lang='lat' dir='ltr'>electa</span> <span class='ocrx_word' id='word_1_318' title='bbox 898 4210 974 4268; x_wconf 73' lang='lat' dir='ltr'>sicud</span> 
     </span>
     <span class='ocr_line' id='line_1_47' title="bbox 148 4295 974 4372; baseline 0.006 -20"><span class='ocrx_word' id='word_1_319' title='bbox 148 4296 195 4352; x_wconf 87' lang='lat' dir='ltr'>sot</span> <span class='ocrx_word' id='word_1_320' title='bbox 209 4295 307 4367; x_wconf 83' lang='lat' dir='ltr'>(Cant.</span> <span class='ocrx_word' id='word_1_321' title='bbox 323 4295 470 4368; x_wconf 84' lang='lat' dir='ltr'>v1,s).eb</span> <span class='ocrx_word' id='word_1_322' title='bbox 484 4297 542 4353; x_wconf 91' lang='lat' dir='ltr'>bac</span> <span class='ocrx_word' id='word_1_323' title='bbox 554 4296 696 4355; x_wconf 89' lang='lat' dir='ltr'>adoratur</span> <span class='ocrx_word' id='word_1_324' title='bbox 708 4298 818 4372; x_wconf 85' lang='lat' dir='ltr'>ioseph</span> <span class='ocrx_word' id='word_1_325' title='bbox 832 4303 934 4357; x_wconf 85' lang='lat' dir='ltr'>noster</span> <span class='ocrx_word' id='word_1_326' title='bbox 943 4300 974 4357; x_wconf 92' lang='lat' dir='ltr'>in</span> 
     </span>
     <span class='ocr_line' id='line_1_48' title="bbox 146 4384 974 4459; baseline 0.004 -17"><span class='ocrx_word' id='word_1_327' title='bbox 146 4384 207 4442; x_wconf 81' lang='lat' dir='ltr'>hoc</span> <span class='ocrx_word' id='word_1_328' title='bbox 223 4384 348 4450; x_wconf 88' lang='lat' dir='ltr'>mundo,</span> <span class='ocrx_word' id='word_1_329' title='bbox 362 4384 444 4442; x_wconf 87' lang='lat' dir='ltr'>velut</span> <span class='ocrx_word' id='word_1_330' title='bbox 454 4385 484 4441; x_wconf 93' lang='lat' dir='ltr'>in</span> <span class='ocrx_word' id='word_1_331' title='bbox 498 4386 634 4459; x_wconf 75' lang='lat' dir='ltr'>Egypto,</span> <span class='ocrx_word' id='word_1_332' title='bbox 648 4402 685 4443; x_wconf 82' lang='lat' dir='ltr'>ex</span> <span class='ocrx_word' id='word_1_333' title='bbox 698 4387 867 4445; x_wconf 89' lang='lat' dir='ltr'>humillimo</span> <span class='ocrx_word' id='word_1_334' title='bbox 881 4388 974 4446; x_wconf 90' lang='lat' dir='ltr'>subli-</span> 
     </span>
     <span class='ocr_line' id='line_1_49' title="bbox 150 4474 975 4548; baseline 0.007 -18"><span class='ocrx_word' id='word_1_335' title='bbox 150 4478 267 4531; x_wconf 84' lang='lat' dir='ltr'>metns=</span> <span class='ocrx_word' id='word_1_336' title='bbox 282 4489 352 4531; x_wconf 91' lang='lat' dir='ltr'>nam</span> <span class='ocrx_word' id='word_1_337' title='bbox 367 4474 452 4532; x_wconf 91' lang='lat' dir='ltr'>illum</span> <span class='ocrx_word' id='word_1_338' title='bbox 462 4475 676 4548; x_wconf 86' lang='lat' dir='ltr'>iosephmater</span> <span class='ocrx_word' id='word_1_339' title='bbox 686 4482 763 4533; x_wconf 89' lang='lat' dir='ltr'>certe</span> <span class='ocrx_word' id='word_1_340' title='bbox 777 4478 975 4536; x_wconf 88' lang='lat' dir='ltr'>adorarenon</span> 
     </span>
     <span class='ocr_line' id='line_1_50' title="bbox 150 4563 975 4642; baseline 0.007 -23"><span class='ocrx_word' id='word_1_341' title='bbox 150 4563 256 4636; x_wconf 89' lang='lat' dir='ltr'>potuit,</span> <span class='ocrx_word' id='word_1_342' title='bbox 269 4579 338 4636; x_wconf 80' lang='lat' dir='ltr'>quse</span> <span class='ocrx_word' id='word_1_343' title='bbox 351 4568 419 4621; x_wconf 89' lang='lat' dir='ltr'>ante</span> <span class='ocrx_word' id='word_1_344' title='bbox 429 4563 571 4621; x_wconf 79' lang='lat' dir='ltr'>defuncta</span> <span class='ocrx_word' id='word_1_345' title='bbox 580 4566 717 4638; x_wconf 75' lang='lat' dir='ltr'>estiiien·</span> <span class='ocrx_word' id='word_1_346' title='bbox 728 4582 820 4633; x_wconf 83' lang='lat' dir='ltr'>xxxv,</span> <span class='ocrx_word' id='word_1_347' title='bbox 830 4566 975 4642; x_wconf 72' lang='lat' dir='ltr'>torquem</span> 
     </span>
     <span class='ocr_line' id='line_1_51' title="bbox 150 4651 977 4726; baseline 0.01 -20"><span class='ocrx_word' id='word_1_348' title='bbox 150 4651 245 4708; x_wconf 83' lang='lat' dir='ltr'>Jacob</span> <span class='ocrx_word' id='word_1_349' title='bbox 260 4653 438 4710; x_wconf 86' lang='lat' dir='ltr'>venissetad</span> <span class='ocrx_word' id='word_1_350' title='bbox 454 4653 549 4710; x_wconf 88' lang='lat' dir='ltr'>fllium</span> <span class='ocrx_word' id='word_1_351' title='bbox 560 4654 716 4726; x_wconf 82' lang='lat' dir='ltr'>(ldxnvr),</span> <span class='ocrx_word' id='word_1_352' title='bbox 732 4662 762 4713; x_wconf 91' lang='lat' dir='ltr'>nt</span> <span class='ocrx_word' id='word_1_353' title='bbox 772 4656 849 4713; x_wconf 90' lang='lat' dir='ltr'>illius</span> <span class='ocrx_word' id='word_1_354' title='bbox 866 4656 977 4714; x_wconf 91' lang='lat' dir='ltr'>somnii</span> 
     </span>
     <span class='ocr_line' id='line_1_52' title="bbox 151 4739 977 4818; baseline 0.01 -22"><span class='ocrx_word' id='word_1_355' title='bbox 151 4739 318 4812; x_wconf 88' lang='lat' dir='ltr'>prophetici</span> <span class='ocrx_word' id='word_1_356' title='bbox 327 4740 383 4812; x_wconf 88' lang='lat' dir='ltr'>(ld.</span> <span class='ocrx_word' id='word_1_357' title='bbox 391 4757 501 4809; x_wconf 81' lang='lat' dir='ltr'>xxxvu,</span> <span class='ocrx_word' id='word_1_358' title='bbox 510 4743 541 4815; x_wconf 87' lang='grc'>9)</span> <span class='ocrx_word' id='word_1_359' title='bbox 548 4744 654 4800; x_wconf 73' lang='lat' dir='ltr'>veritm</span> <span class='ocrx_word' id='word_1_360' title='bbox 661 4744 977 4818; x_wconf 81' lang='lat' dir='ltr'>adimplendacbristo</span> 
     </span>
     <span class='ocr_line' id='line_1_53' title="bbox 152 4826 978 4898; baseline 0.006 -14"><span class='ocrx_word' id='word_1_361' title='bbox 152 4826 279 4885; x_wconf 85' lang='lat' dir='ltr'>llomino</span> <span class='ocrx_word' id='word_1_362' title='bbox 302 4834 479 4886; x_wconf 86' lang='lat' dir='ltr'>servaretur.</span> <span class='ocrx_word' id='word_1_363' title='bbox 501 4830 628 4898; x_wconf 77' lang='lat' dir='ltr'>Quando</span> <span class='ocrx_word' id='word_1_364' title='bbox 642 4831 722 4888; x_wconf 90' lang='lat' dir='ltr'>enim</span> <span class='ocrx_word' id='word_1_365' title='bbox 742 4833 785 4890; x_wconf 92' lang='lat' dir='ltr'>sol</span> <span class='ocrx_word' id='word_1_366' title='bbox 805 4833 978 4891; x_wconf 89' lang='lat' dir='ltr'>obscurabi-</span> 
     </span>
     <span class='ocr_line' id='line_1_54' title="bbox 151 4916 977 4988; baseline 0.007 -14"><span class='ocrx_word' id='word_1_367' title='bbox 151 4921 208 4983; x_wconf 88' lang='lat' dir='ltr'>tur.</span> <span class='ocrx_word' id='word_1_368' title='bbox 223 4921 252 4974; x_wconf 89' lang='lat' dir='ltr'>et</span> <span class='ocrx_word' id='word_1_369' title='bbox 266 4916 339 4973; x_wconf 90' lang='lat' dir='ltr'>luna</span> <span class='ocrx_word' id='word_1_370' title='bbox 353 4932 414 4975; x_wconf 89' lang='lat' dir='ltr'>non</span> <span class='ocrx_word' id='word_1_371' title='bbox 429 4917 514 4975; x_wconf 87' lang='lat' dir='ltr'>dabit</span> <span class='ocrx_word' id='word_1_372' title='bbox 533 4919 633 4977; x_wconf 91' lang='lat' dir='ltr'>lumen</span> <span class='ocrx_word' id='word_1_373' title='bbox 649 4938 748 4988; x_wconf 86' lang='lat' dir='ltr'>suum,</span> <span class='ocrx_word' id='word_1_374' title='bbox 766 4928 795 4979; x_wconf 92' lang='lat' dir='ltr'>et</span> <span class='ocrx_word' id='word_1_375' title='bbox 819 4923 910 4979; x_wconf 77' lang='lat' dir='ltr'>stellae</span> <span class='ocrx_word' id='word_1_376' title='bbox 924 4938 977 4980; x_wconf 89' lang='lat' dir='ltr'>aa·</span> 
     </span>
     <span class='ocr_line' id='line_1_55' title="bbox 150 5006 975 5077; baseline 0.006 -14"><span class='ocrx_word' id='word_1_377' title='bbox 150 5007 223 5064; x_wconf 93' lang='lat' dir='ltr'>dent</span> <span class='ocrx_word' id='word_1_378' title='bbox 245 5006 282 5063; x_wconf 91' lang='lat' dir='ltr'>de</span> <span class='ocrx_word' id='word_1_379' title='bbox 302 5006 388 5076; x_wconf 85' lang='lat' dir='ltr'>ooelo,</span> <span class='ocrx_word' id='word_1_380' title='bbox 404 5013 433 5063; x_wconf 91' lang='lat' dir='ltr'>et</span> <span class='ocrx_word' id='word_1_381' title='bbox 455 5009 574 5065; x_wconf 83' lang='lat' dir='ltr'>virtutes</span> <span class='ocrx_word' id='word_1_382' title='bbox 603 5010 746 5067; x_wconf 85' lang='lat' dir='ltr'>coelorum</span> <span class='ocrx_word' id='word_1_383' title='bbox 767 5012 975 5077; x_wconf 85' lang='lat' dir='ltr'>movebuntur,</span> 
     </span>
     <span class='ocr_line' id='line_1_56' title="bbox 151 5093 979 5167; baseline 0.01 -16"><span class='ocrx_word' id='word_1_384' title='bbox 151 5098 228 5152; x_wconf 90' lang='lat' dir='ltr'>elcut</span> <span class='ocrx_word' id='word_1_385' title='bbox 241 5095 281 5154; x_wconf 89' lang='lat' dir='ltr'>ab</span> <span class='ocrx_word' id='word_1_386' title='bbox 296 5095 361 5152; x_wconf 80' lang='lat' dir='ltr'>albe</span> <span class='ocrx_word' id='word_1_387' title='bbox 386 5093 506 5153; x_wconf 90' lang='lat' dir='ltr'>duobus</span> <span class='ocrx_word' id='word_1_388' title='bbox 521 5097 716 5167; x_wconf 74' lang='lat' dir='ltr'>Evangelistis</span> <span class='ocrx_word' id='word_1_389' title='bbox 729 5099 778 5157; x_wconf 90' lang='lat' dir='ltr'>hio</span> <span class='ocrx_word' id='word_1_390' title='bbox 798 5100 881 5156; x_wconf 90' lang='lat' dir='ltr'>locus</span> <span class='ocrx_word' id='word_1_391' title='bbox 895 5115 979 5158; x_wconf 88' lang='lat' dir='ltr'>com-</span> 
     </span>
     <span class='ocr_line' id='line_1_57' title="bbox 149 5184 977 5261; baseline 0.007 -21"><span class='ocrx_word' id='word_1_392' title='bbox 149 5191 336 5243; x_wconf 86' lang='lat' dir='ltr'>memoratus</span> <span class='ocrx_word' id='word_1_393' title='bbox 359 5189 412 5250; x_wconf 90' lang='lat' dir='ltr'>est,</span> <span class='ocrx_word' id='word_1_394' title='bbox 438 5184 568 5242; x_wconf 83' lang='lat' dir='ltr'>Ecclesia</span> <span class='ocrx_word' id='word_1_395' title='bbox 590 5201 650 5243; x_wconf 93' lang='lat' dir='ltr'>non</span> <span class='ocrx_word' id='word_1_396' title='bbox 673 5188 831 5260; x_wconf 85' lang='lat' dir='ltr'>apparebit</span> <span class='ocrx_word' id='word_1_397' title='bbox 851 5205 858 5256; x_wconf 90' lang='lat'>;</span> <span class='ocrx_word' id='word_1_398' title='bbox 877 5189 977 5261; x_wconf 84' lang='lat' dir='ltr'>impiis</span> 
     </span>
     <span class='ocr_line' id='line_1_58' title="bbox 150 5273 978 5349; baseline 0.012 -23"><span class='ocrx_word' id='word_1_399' title='bbox 150 5280 221 5329; x_wconf 85' lang='lat' dir='ltr'>tunc</span> <span class='ocrx_word' id='word_1_400' title='bbox 238 5273 477 5346; x_wconf 83' lang='lat' dir='ltr'>persecutoribus</span> <span class='ocrx_word' id='word_1_401' title='bbox 493 5275 569 5331; x_wconf 89' lang='lat' dir='ltr'>ultra</span> <span class='ocrx_word' id='word_1_402' title='bbox 585 5276 710 5332; x_wconf 91' lang='lat' dir='ltr'>modum</span> <span class='ocrx_word' id='word_1_403' title='bbox 728 5277 929 5349; x_wconf 81' lang='lat' dir='ltr'>saevientibus,</span> <span class='ocrx_word' id='word_1_404' title='bbox 948 5282 978 5336; x_wconf 93' lang='lat' dir='ltr'>et</span> 
     </span>
     <span class='ocr_line' id='line_1_59' title="bbox 149 5363 977 5437; baseline 0.008 -20"><span class='ocrx_word' id='word_1_405' title='bbox 149 5368 265 5420; x_wconf 89' lang='lat' dir='ltr'>remoto</span> <span class='ocrx_word' id='word_1_406' title='bbox 279 5365 393 5430; x_wconf 85' lang='lat' dir='ltr'>timore,</span> <span class='ocrx_word' id='word_1_407' title='bbox 405 5371 549 5437; x_wconf 86' lang='lat' dir='ltr'>tanquam</span> <span class='ocrx_word' id='word_1_408' title='bbox 563 5363 712 5423; x_wconf 85' lang='lat' dir='ltr'>arridente</span> <span class='ocrx_word' id='word_1_409' title='bbox 724 5365 829 5423; x_wconf 90' lang='lat' dir='ltr'>mnndi</span> <span class='ocrx_word' id='word_1_410' title='bbox 840 5366 977 5425; x_wconf 87' lang='lat' dir='ltr'>leticitate</span> 
     </span>
     <span class='ocr_line' id='line_1_60' title="bbox 149 5452 977 5519; baseline 0.011 -13"><span class='ocrx_word' id='word_1_411' title='bbox 149 5452 329 5519; x_wconf 89' lang='lat' dir='ltr'>dicentibus,</span> <span class='ocrx_word' id='word_1_412' title='bbox 344 5454 411 5510; x_wconf 81' lang='lat' dir='ltr'>Pan</span> <span class='ocrx_word' id='word_1_413' title='bbox 420 5460 447 5510; x_wconf 86' lang='lat' dir='ltr'>et</span> <span class='ocrx_word' id='word_1_414' title='bbox 457 5454 601 5512; x_wconf 80' lang='lat' dir='ltr'>securitas</span> <span class='ocrx_word' id='word_1_415' title='bbox 611 5471 622 5510; x_wconf 90' lang='grc'>.·</span> <span class='ocrx_word' id='word_1_416' title='bbox 634 5460 704 5512; x_wconf 89' lang='lat' dir='ltr'>tunc</span> <span class='ocrx_word' id='word_1_417' title='bbox 717 5456 808 5514; x_wconf 77' lang='lat' dir='ltr'>stellas</span> <span class='ocrx_word' id='word_1_418' title='bbox 821 5458 977 5515; x_wconf 90' lang='lat' dir='ltr'>cadentde</span> 
     </span>
     <span class='ocr_line' id='line_1_61' title="bbox 149 5539 976 5620; baseline 0.01 -23"><span class='ocrx_word' id='word_1_419' title='bbox 149 5539 235 5605; x_wconf 86' lang='lat' dir='ltr'>coelo,</span> <span class='ocrx_word' id='word_1_420' title='bbox 251 5544 280 5597; x_wconf 91' lang='lat' dir='ltr'>et</span> <span class='ocrx_word' id='word_1_421' title='bbox 291 5541 413 5598; x_wconf 84' lang='lat' dir='ltr'>virtutes</span> <span class='ocrx_word' id='word_1_422' title='bbox 431 5541 576 5601; x_wconf 74' lang='lat' dir='ltr'>caelorum</span> <span class='ocrx_word' id='word_1_423' title='bbox 591 5544 794 5603; x_wconf 85' lang='lat' dir='ltr'>movebuntur</span> <span class='ocrx_word' id='word_1_424' title='bbox 807 5561 814 5611; x_wconf 89' lang='grc'>;</span> <span class='ocrx_word' id='word_1_425' title='bbox 829 5548 976 5620; x_wconf 91' lang='lat' dir='ltr'>quoniam</span> 
     </span>
     <span class='ocr_line' id='line_1_62' title="bbox 149 5625 975 5711; baseline 0.021 -30"><span class='ocrx_word' id='word_1_426' title='bbox 149 5625 407 5707; x_wconf 79' lang='lat' dir='ltr'>multi,quigratia</span> <span class='ocrx_word' id='word_1_427' title='bbox 414 5629 720 5701; x_wconf 78' lang='lat' dir='ltr'>lulgereridobantur,</span> <span class='ocrx_word' id='word_1_428' title='bbox 727 5635 975 5711; x_wconf 78' lang='lat' dir='ltr'>persequentibus</span> 
     </span>
    </p>
   </div>
   <div class='ocr_carea' id='block_1_5' title="bbox 727 123 1198 191">
    <p class='ocr_par' dir='ltr' id='par_1_5' title="bbox 727 123 1198 191">
     <span class='ocr_line' id='line_1_63' title="bbox 727 123 1198 191; baseline -0.017 0"><span class='ocrx_word' id='word_1_429' title='bbox 727 178 731 191; x_wconf 88' lang='lat'>.</span> <span class='ocrx_word' id='word_1_430' title='bbox 770 131 803 191; x_wconf 84' lang='lat' dir='ltr'>S.</span> <span class='ocrx_word' id='word_1_431' title='bbox 821 125 1017 190; x_wconf 75' lang='lat' dir='ltr'>accusauit</span> <span class='ocrx_word' id='word_1_432' title='bbox 1036 123 1198 186; x_wconf 80' lang='lat' dir='ltr'>tetscoer</span> 
     </span>
    </p>
   </div>
   <div class='ocr_carea' id='block_1_6' title="bbox 1009 243 1847 858">
    <p class='ocr_par' dir='ltr' id='par_1_6' title="bbox 1009 243 1847 858">
     <span class='ocr_line' id='line_1_64' title="bbox 1009 243 1844 323; baseline -0.012 -10"><span class='ocrx_word' id='word_1_433' title='bbox 1009 253 1118 313; x_wconf 88' lang='lat' dir='ltr'>cedent</span> <span class='ocrx_word' id='word_1_434' title='bbox 1130 257 1159 312; x_wconf 91' lang='lat' dir='ltr'>et</span> <span class='ocrx_word' id='word_1_435' title='bbox 1173 251 1292 320; x_wconf 89' lang='lat' dir='ltr'>eadent,</span> <span class='ocrx_word' id='word_1_436' title='bbox 1307 253 1337 308; x_wconf 90' lang='lat' dir='ltr'>et</span> <span class='ocrx_word' id='word_1_437' title='bbox 1351 246 1476 323; x_wconf 87' lang='lat' dir='ltr'>quidem</span> <span class='ocrx_word' id='word_1_438' title='bbox 1489 245 1597 307; x_wconf 80' lang='lat' dir='ltr'>fideles</span> <span class='ocrx_word' id='word_1_439' title='bbox 1613 243 1774 305; x_wconf 82' lang='lat' dir='ltr'>tortissimi</span> <span class='ocrx_word' id='word_1_440' title='bbox 1784 248 1844 303; x_wconf 82' lang='lat' dir='ltr'>tnr-</span> 
     </span>
     <span class='ocr_line' id='line_1_65' title="bbox 1011 333 1845 402; baseline -0.008 -1"><span class='ocrx_word' id='word_1_441' title='bbox 1011 342 1174 402; x_wconf 89' lang='lat' dir='ltr'>babuntur.</span> <span class='ocrx_word' id='word_1_442' title='bbox 1202 340 1271 399; x_wconf 91' lang='lat' dir='ltr'>ldeo</span> <span class='ocrx_word' id='word_1_443' title='bbox 1296 343 1398 398; x_wconf 89' lang='lat' dir='ltr'>autem</span> <span class='ocrx_word' id='word_1_444' title='bbox 1422 336 1592 396; x_wconf 89' lang='lat' dir='ltr'>secundam</span> <span class='ocrx_word' id='word_1_445' title='bbox 1622 333 1845 394; x_wconf 76' lang='lat' dir='ltr'>lisimaums</span> 
     </span>
     <span class='ocr_line' id='line_1_66' title="bbox 1011 422 1846 504; baseline -0.01 -12"><span class='ocrx_word' id='word_1_446' title='bbox 1011 435 1142 492; x_wconf 88' lang='lat' dir='ltr'>llarcum</span> <span class='ocrx_word' id='word_1_447' title='bbox 1155 435 1222 504; x_wconf 88' lang='lat' dir='ltr'>post</span> <span class='ocrx_word' id='word_1_448' title='bbox 1235 428 1455 487; x_wconf 88' lang='lat' dir='ltr'>tribulationem</span> <span class='ocrx_word' id='word_1_449' title='bbox 1468 426 1587 484; x_wconf 88' lang='lat' dir='ltr'>dierum</span> <span class='ocrx_word' id='word_1_450' title='bbox 1602 424 1731 482; x_wconf 88' lang='lat' dir='ltr'>illorum</span> <span class='ocrx_word' id='word_1_451' title='bbox 1744 422 1846 484; x_wconf 85' lang='lat' dir='ltr'>dicitnr</span> 
     </span>
     <span class='ocr_line' id='line_1_67' title="bbox 1011 511 1847 592; baseline -0.012 -12"><span class='ocrx_word' id='word_1_452' title='bbox 1011 522 1069 580; x_wconf 91' lang='lat' dir='ltr'>boc</span> <span class='ocrx_word' id='word_1_453' title='bbox 1092 520 1238 591; x_wconf 86' lang='lat' dir='ltr'>laturum,</span> <span class='ocrx_word' id='word_1_454' title='bbox 1253 535 1315 577; x_wconf 91' lang='lat' dir='ltr'>non</span> <span class='ocrx_word' id='word_1_455' title='bbox 1333 517 1406 592; x_wconf 90' lang='lat' dir='ltr'>quia</span> <span class='ocrx_word' id='word_1_456' title='bbox 1429 520 1584 574; x_wconf 87' lang='lat' dir='ltr'>transacta</span> <span class='ocrx_word' id='word_1_457' title='bbox 1601 518 1665 572; x_wconf 83' lang='lat' dir='ltr'>tota</span> <span class='ocrx_word' id='word_1_458' title='bbox 1679 511 1736 571; x_wconf 88' lang='lat' dir='ltr'>illa</span> <span class='ocrx_word' id='word_1_459' title='bbox 1755 527 1847 586; x_wconf 83' lang='lat' dir='ltr'>peras·</span> 
     </span>
     <span class='ocr_line' id='line_1_68' title="bbox 1012 600 1846 680; baseline -0.01 -12"><span class='ocrx_word' id='word_1_460' title='bbox 1012 611 1131 668; x_wconf 89' lang='lat' dir='ltr'>cutione</span> <span class='ocrx_word' id='word_1_461' title='bbox 1143 609 1280 668; x_wconf 89' lang='lat' dir='ltr'>accident</span> <span class='ocrx_word' id='word_1_462' title='bbox 1293 608 1350 666; x_wconf 89' lang='lat' dir='ltr'>ista</span> <span class='ocrx_word' id='word_1_463' title='bbox 1366 624 1374 677; x_wconf 89' lang='grc'>;</span> <span class='ocrx_word' id='word_1_464' title='bbox 1389 607 1442 665; x_wconf 89' lang='lat' dir='ltr'>sed</span> <span class='ocrx_word' id='word_1_465' title='bbox 1459 604 1533 680; x_wconf 89' lang='lat' dir='ltr'>quia</span> <span class='ocrx_word' id='word_1_466' title='bbox 1550 602 1707 680; x_wconf 80' lang='lat' dir='ltr'>praecedet</span> <span class='ocrx_word' id='word_1_467' title='bbox 1730 600 1846 660; x_wconf 69' lang='lat' dir='ltr'>tribule</span> 
     </span>
     <span class='ocr_line' id='line_1_69' title="bbox 1015 691 1846 772; baseline -0.01 -16"><span class='ocrx_word' id='word_1_468' title='bbox 1015 699 1064 766; x_wconf 89' lang='lat' dir='ltr'>lia,</span> <span class='ocrx_word' id='word_1_469' title='bbox 1076 704 1108 757; x_wconf 93' lang='lat' dir='ltr'>ut</span> <span class='ocrx_word' id='word_1_470' title='bbox 1122 703 1266 772; x_wconf 89' lang='lat' dir='ltr'>sequatur</span> <span class='ocrx_word' id='word_1_471' title='bbox 1280 696 1484 772; x_wconf 90' lang='lat' dir='ltr'>quorumdam</span> <span class='ocrx_word' id='word_1_472' title='bbox 1500 693 1651 753; x_wconf 87' lang='lat' dir='ltr'>delectio:</span> <span class='ocrx_word' id='word_1_473' title='bbox 1668 697 1703 751; x_wconf 90' lang='lat' dir='ltr'>et</span> <span class='ocrx_word' id='word_1_474' title='bbox 1716 691 1846 764; x_wconf 84' lang='lat' dir='ltr'>qniaper</span> 
     </span>
     <span class='ocr_line' id='line_1_70' title="bbox 1013 778 1846 858; baseline -0.011 -13"><span class='ocrx_word' id='word_1_475' title='bbox 1013 802 1120 845; x_wconf 90' lang='lat' dir='ltr'>omnes</span> <span class='ocrx_word' id='word_1_476' title='bbox 1132 786 1197 844; x_wconf 89' lang='lat' dir='ltr'>dies</span> <span class='ocrx_word' id='word_1_477' title='bbox 1211 784 1278 843; x_wconf 89' lang='lat' dir='ltr'>illos</span> <span class='ocrx_word' id='word_1_478' title='bbox 1293 785 1335 845; x_wconf 89' lang='lat' dir='ltr'>ita</span> <span class='ocrx_word' id='word_1_479' title='bbox 1349 784 1407 854; x_wconf 86' lang='lat' dir='ltr'>liet,</span> <span class='ocrx_word' id='word_1_480' title='bbox 1425 788 1584 858; x_wconf 86' lang='lat' dir='ltr'>propterea</span> <span class='ocrx_word' id='word_1_481' title='bbox 1599 785 1671 856; x_wconf 86' lang='lat' dir='ltr'>post</span> <span class='ocrx_word' id='word_1_482' title='bbox 1686 778 1846 838; x_wconf 77' lang='lat' dir='ltr'>tribulatio</span> 
     </span>
    </p>
   </div>
   <div class='ocr_carea' id='block_1_7' title="bbox 1014 867 1847 1021">
    <p class='ocr_par' dir='ltr' id='par_1_7' title="bbox 1014 867 1847 1021">
     <span class='ocr_line' id='line_1_71' title="bbox 1014 867 1847 1020; baseline -0.01 -87"><span class='ocrx_word' id='word_1_483' title='bbox 1014 890 1084 1020; x_wconf 54' lang='lat' dir='ltr'>gem</span> <span class='ocrx_word' id='word_1_484' title='bbox 1099 874 1215 932; x_wconf 86' lang='lat' dir='ltr'>dierum</span> <span class='ocrx_word' id='word_1_485' title='bbox 1229 873 1359 942; x_wconf 92' lang='lat' dir='ltr'>illorum,</span> <span class='ocrx_word' id='word_1_486' title='bbox 1375 871 1428 930; x_wconf 85' lang='lat' dir='ltr'>ead</span> <span class='ocrx_word' id='word_1_487' title='bbox 1442 871 1590 931; x_wconf 89' lang='lat' dir='ltr'>tamenin</span> <span class='ocrx_word' id='word_1_488' title='bbox 1606 868 1732 929; x_wconf 85' lang='lat' dir='ltr'>eisdam</span> <span class='ocrx_word' id='word_1_489' title='bbox 1745 867 1847 926; x_wconf 86' lang='lat' dir='ltr'>diebus</span> 
     </span>
     <span class='ocr_line' id='line_1_72' title="bbox 1037 968 1075 1021; baseline -0.053 0"><span class='ocrx_word' id='word_1_490' title='bbox 1037 968 1075 1021; x_wconf 84' lang='lat' dir='ltr'>ei.</span> 
     </span>
    </p>
   </div>
   <div class='ocr_carea' id='block_1_8' title="bbox 1015 1056 1851 2023">
    <p class='ocr_par' dir='ltr' id='par_1_8' title="bbox 1050 1056 1847 1132">
     <span class='ocr_line' id='line_1_73' title="bbox 1050 1056 1847 1132; baseline -0.004 -16"><span class='ocrx_word' id='word_1_491' title='bbox 1050 1061 1095 1118; x_wconf 88' lang='lat' dir='ltr'>l0.</span> <span class='ocrx_word' id='word_1_492' title='bbox 1112 1060 1197 1128; x_wconf 82' lang='lat' dir='ltr'>Quod</span> <span class='ocrx_word' id='word_1_493' title='bbox 1211 1075 1284 1132; x_wconf 74' lang='lat' dir='ltr'>erpo</span> <span class='ocrx_word' id='word_1_494' title='bbox 1298 1057 1414 1117; x_wconf 91' lang='lat' dir='ltr'>dictum</span> <span class='ocrx_word' id='word_1_495' title='bbox 1427 1064 1473 1117; x_wconf 90' lang='lat' dir='ltr'>est</span> <span class='ocrx_word' id='word_1_496' title='bbox 1484 1058 1658 1116; x_wconf 74' lang='lat' dir='ltr'>meandum</span> <span class='ocrx_word' id='word_1_497' title='bbox 1674 1059 1804 1123; x_wconf 70' lang='lat' dir='ltr'>numm,</span> <span class='ocrx_word' id='word_1_498' title='bbox 1814 1056 1847 1113; x_wconf 84' lang='lat' dir='ltr'>Et</span> 
     </span>
    </p>

    <p class='ocr_par' dir='ltr' id='par_1_9' title="bbox 1015 1143 1851 2023">
     <span class='ocr_line' id='line_1_74' title="bbox 1015 1143 1847 1221; baseline -0.006 -15"><span class='ocrx_word' id='word_1_499' title='bbox 1015 1149 1048 1207; x_wconf 89' lang='lat' dir='ltr'>in</span> <span class='ocrx_word' id='word_1_500' title='bbox 1070 1149 1156 1207; x_wconf 87' lang='lat' dir='ltr'>terris</span> <span class='ocrx_word' id='word_1_501' title='bbox 1169 1164 1311 1220; x_wconf 83' lang='lat' dir='ltr'>pressura</span> <span class='ocrx_word' id='word_1_502' title='bbox 1325 1148 1468 1221; x_wconf 78' lang='lat' dir='ltr'>peritiam,</span> <span class='ocrx_word' id='word_1_503' title='bbox 1484 1152 1589 1220; x_wconf 76' lang='lat' dir='ltr'>pentes</span> <span class='ocrx_word' id='word_1_504' title='bbox 1603 1145 1707 1205; x_wconf 81' lang='lat' dir='ltr'>voluit</span> <span class='ocrx_word' id='word_1_505' title='bbox 1721 1143 1847 1216; x_wconf 74' lang='lat' dir='ltr'>intellip&#39;,</span> 
     </span>
     <span class='ocr_line' id='line_1_75' title="bbox 1015 1232 1850 1312; baseline -0.007 -16"><span class='ocrx_word' id='word_1_506' title='bbox 1015 1254 1079 1296; x_wconf 94' lang='lat' dir='ltr'>non</span> <span class='ocrx_word' id='word_1_507' title='bbox 1093 1237 1274 1312; x_wconf 84' lang='lat' dir='ltr'>pertinentes</span> <span class='ocrx_word' id='word_1_508' title='bbox 1288 1237 1328 1295; x_wconf 89' lang='lat' dir='ltr'>ad</span> <span class='ocrx_word' id='word_1_509' title='bbox 1342 1252 1446 1295; x_wconf 91' lang='lat' dir='ltr'>semen</span> <span class='ocrx_word' id='word_1_510' title='bbox 1459 1236 1592 1304; x_wconf 74' lang='lat' dir='ltr'>abrahe.</span> <span class='ocrx_word' id='word_1_511' title='bbox 1608 1235 1722 1310; x_wconf 90' lang='lat' dir='ltr'>inquo</span> <span class='ocrx_word' id='word_1_512' title='bbox 1737 1232 1850 1291; x_wconf 61' lang='lat' dir='ltr'>bem</span> 
     </span>
     <span class='ocr_line' id='line_1_76' title="bbox 1017 1324 1850 1399; baseline -0.007 -14"><span class='ocrx_word' id='word_1_513' title='bbox 1017 1333 1121 1386; x_wconf 87' lang='lat' dir='ltr'>centur</span> <span class='ocrx_word' id='word_1_514' title='bbox 1134 1342 1241 1384; x_wconf 83' lang='lat' dir='ltr'>omnes</span> <span class='ocrx_word' id='word_1_515' title='bbox 1256 1325 1425 1399; x_wconf 66' lang='lat' dir='ltr'>pentesssd.</span> <span class='ocrx_word' id='word_1_516' title='bbox 1436 1341 1507 1393; x_wconf 86' lang='lat' dir='ltr'>xxu,</span> <span class='ocrx_word' id='word_1_517' title='bbox 1522 1325 1576 1397; x_wconf 81' lang='lat' dir='ltr'>lt).</span> <span class='ocrx_word' id='word_1_518' title='bbox 1594 1324 1650 1381; x_wconf 85' lang='lat' dir='ltr'>sed</span> <span class='ocrx_word' id='word_1_519' title='bbox 1667 1328 1781 1396; x_wconf 75' lang='lat' dir='ltr'>gentes</span> <span class='ocrx_word' id='word_1_520' title='bbox 1793 1338 1850 1396; x_wconf 84' lang='lat' dir='ltr'>qne</span> 
     </span>
     <span class='ocr_line' id='line_1_77' title="bbox 1017 1413 1851 1490; baseline -0.005 -14"><span class='ocrx_word' id='word_1_521' title='bbox 1017 1415 1057 1476; x_wconf 90' lang='lat' dir='ltr'>ad</span> <span class='ocrx_word' id='word_1_522' title='bbox 1069 1416 1221 1474; x_wconf 88' lang='lat' dir='ltr'>sinisiram</span> <span class='ocrx_word' id='word_1_523' title='bbox 1231 1416 1493 1490; x_wconf 72' lang='lat' dir='ltr'>stabantquanco</span> <span class='ocrx_word' id='word_1_524' title='bbox 1501 1413 1851 1488; x_wconf 71' lang='lat' dir='ltr'>congregabuntnranie</span> 
     </span>
     <span class='ocr_line' id='line_1_78' title="bbox 1016 1505 1849 1573; baseline -0.004 -12"><span class='ocrx_word' id='word_1_525' title='bbox 1016 1505 1151 1563; x_wconf 83' lang='lat' dir='ltr'>iudicem</span> <span class='ocrx_word' id='word_1_526' title='bbox 1177 1506 1314 1563; x_wconf 85' lang='lat' dir='ltr'>visorum</span> <span class='ocrx_word' id='word_1_527' title='bbox 1332 1509 1362 1563; x_wconf 89' lang='lat' dir='ltr'>et</span> <span class='ocrx_word' id='word_1_528' title='bbox 1387 1509 1573 1564; x_wconf 89' lang='lat' dir='ltr'>mortuorum</span> <span class='ocrx_word' id='word_1_529' title='bbox 1595 1518 1715 1561; x_wconf 88' lang='lat' dir='ltr'>omnes</span> <span class='ocrx_word' id='word_1_530' title='bbox 1743 1508 1849 1573; x_wconf 64' lang='lat' dir='ltr'>mutes.</span> 
     </span>
     <span class='ocr_line' id='line_1_79' title="bbox 1019 1592 1851 1669; baseline -0.002 -18"><span class='ocrx_word' id='word_1_531' title='bbox 1019 1597 1149 1667; x_wconf 90' lang='lat' dir='ltr'>Utraque</span> <span class='ocrx_word' id='word_1_532' title='bbox 1164 1610 1235 1669; x_wconf 86' lang='lat' dir='ltr'>pars</span> <span class='ocrx_word' id='word_1_533' title='bbox 1245 1595 1326 1653; x_wconf 89' lang='lat' dir='ltr'>enim</span> <span class='ocrx_word' id='word_1_534' title='bbox 1339 1594 1393 1652; x_wconf 89' lang='lat' dir='ltr'>orit</span> <span class='ocrx_word' id='word_1_535' title='bbox 1405 1593 1437 1651; x_wconf 90' lang='lat' dir='ltr'>in</span> <span class='ocrx_word' id='word_1_536' title='bbox 1452 1593 1596 1652; x_wconf 91' lang='lat' dir='ltr'>omnibus</span> <span class='ocrx_word' id='word_1_537' title='bbox 1611 1592 1783 1664; x_wconf 64' lang='lat' dir='ltr'>gentibuu</span> <span class='ocrx_word' id='word_1_538' title='bbox 1798 1607 1851 1649; x_wconf 80' lang='lat' dir='ltr'>uns</span> 
     </span>
     <span class='ocr_line' id='line_1_80' title="bbox 1017 1679 1851 1758; baseline -0.001 -19"><span class='ocrx_word' id='word_1_539' title='bbox 1017 1697 1086 1756; x_wconf 86' lang='lat' dir='ltr'>quse</span> <span class='ocrx_word' id='word_1_540' title='bbox 1096 1688 1223 1757; x_wconf 89' lang='lat' dir='ltr'>premat,</span> <span class='ocrx_word' id='word_1_541' title='bbox 1239 1682 1331 1741; x_wconf 87' lang='lat' dir='ltr'>altera</span> <span class='ocrx_word' id='word_1_542' title='bbox 1342 1686 1594 1758; x_wconf 80' lang='lat' dir='ltr'>quaprematur:</span> <span class='ocrx_word' id='word_1_543' title='bbox 1610 1697 1758 1755; x_wconf 70' lang='lat' dir='ltr'>unaque</span> <span class='ocrx_word' id='word_1_544' title='bbox 1770 1679 1851 1746; x_wconf 85' lang='lat' dir='ltr'>dicat.</span> 
     </span>
     <span class='ocr_line' id='line_1_81' title="bbox 1019 1770 1851 1847; baseline -0.002 -18"><span class='ocrx_word' id='word_1_545' title='bbox 1019 1774 1087 1830; x_wconf 76' lang='lat' dir='ltr'>Pae</span> <span class='ocrx_word' id='word_1_546' title='bbox 1100 1779 1127 1829; x_wconf 87' lang='lat' dir='ltr'>et</span> <span class='ocrx_word' id='word_1_547' title='bbox 1142 1773 1286 1830; x_wconf 86' lang='lat' dir='ltr'>securitas</span> <span class='ocrx_word' id='word_1_548' title='bbox 1297 1785 1310 1845; x_wconf 93' lang='lat'>,·</span> <span class='ocrx_word' id='word_1_549' title='bbox 1323 1772 1416 1830; x_wconf 89' lang='lat' dir='ltr'>altera</span> <span class='ocrx_word' id='word_1_550' title='bbox 1433 1773 1463 1830; x_wconf 94' lang='lat' dir='ltr'>in</span> <span class='ocrx_word' id='word_1_551' title='bbox 1480 1787 1541 1847; x_wconf 91' lang='lat' dir='ltr'>qua</span> <span class='ocrx_word' id='word_1_552' title='bbox 1555 1770 1851 1839; x_wconf 57' lang='lat' dir='ltr'>subobscurorum</span> 
     </span>
     <span class='ocr_line' id='line_1_82' title="bbox 1017 1858 1849 1936; baseline 0 -19"><span class='ocrx_word' id='word_1_553' title='bbox 1017 1876 1079 1917; x_wconf 94' lang='lat' dir='ltr'>non</span> <span class='ocrx_word' id='word_1_554' title='bbox 1094 1860 1145 1919; x_wconf 89' lang='lat' dir='ltr'>det</span> <span class='ocrx_word' id='word_1_555' title='bbox 1156 1861 1228 1919; x_wconf 88' lang='lat' dir='ltr'>luna</span> <span class='ocrx_word' id='word_1_556' title='bbox 1241 1861 1344 1920; x_wconf 88' lang='lat' dir='ltr'>lumen</span> <span class='ocrx_word' id='word_1_557' title='bbox 1354 1877 1455 1928; x_wconf 86' lang='lat' dir='ltr'>suum,</span> <span class='ocrx_word' id='word_1_558' title='bbox 1464 1867 1493 1918; x_wconf 90' lang='lat' dir='ltr'>et</span> <span class='ocrx_word' id='word_1_559' title='bbox 1505 1861 1543 1918; x_wconf 90' lang='lat' dir='ltr'>de</span> <span class='ocrx_word' id='word_1_560' title='bbox 1552 1877 1617 1936; x_wconf 90' lang='lat' dir='ltr'>qua</span> <span class='ocrx_word' id='word_1_561' title='bbox 1627 1858 1849 1925; x_wconf 83' lang='lat' dir='ltr'>cadantstellls‚</span> 
     </span>
     <span class='ocr_line' id='line_1_83' title="bbox 1017 1949 1672 2023; baseline 0.002 -16"><span class='ocrx_word' id='word_1_562' title='bbox 1017 1954 1047 2008; x_wconf 88' lang='lat' dir='ltr'>et</span> <span class='ocrx_word' id='word_1_563' title='bbox 1060 1949 1090 2007; x_wconf 91' lang='lat' dir='ltr'>in</span> <span class='ocrx_word' id='word_1_564' title='bbox 1105 1966 1167 2023; x_wconf 89' lang='lat' dir='ltr'>qua</span> <span class='ocrx_word' id='word_1_565' title='bbox 1181 1950 1305 2008; x_wconf 82' lang='lat' dir='ltr'>virtutes</span> <span class='ocrx_word' id='word_1_566' title='bbox 1316 1950 1462 2009; x_wconf 75' lang='lat' dir='ltr'>caelorum</span> <span class='ocrx_word' id='word_1_567' title='bbox 1477 1956 1672 2008; x_wconf 82' lang='lat' dir='ltr'>moveantur.</span> 
     </span>
    </p>
   </div>
   <div class='ocr_carea' id='block_1_9' title="bbox 1016 2059 1855 3826">
    <p class='ocr_par' dir='ltr' id='par_1_10' title="bbox 1016 2059 1855 3826">
     <span class='ocr_line' id='line_1_84' title="bbox 1053 2059 1851 2118; baseline -0.001 -3"><span class='ocrx_word' id='word_1_568' title='bbox 1053 2061 1098 2115; x_wconf 79' lang='lat' dir='ltr'>ll.</span> <span class='ocrx_word' id='word_1_569' title='bbox 1110 2059 1148 2116; x_wconf 85' lang='lat' dir='ltr'>Et</span> <span class='ocrx_word' id='word_1_570' title='bbox 1157 2066 1229 2117; x_wconf 82' lang='lat' dir='ltr'>tnnc</span> <span class='ocrx_word' id='word_1_571' title='bbox 1240 2059 1497 2118; x_wconf 80' lang='lat' dir='ltr'>uidebuntFr&#39;tiam</span> <span class='ocrx_word' id='word_1_572' title='bbox 1511 2059 1851 2117; x_wconf 79' lang='lat' dir='ltr'>bominisoenienteeria</span> 
     </span>
     <span class='ocr_line' id='line_1_85' title="bbox 1017 2147 1852 2220; baseline 0.001 -16"><span class='ocrx_word' id='word_1_573' title='bbox 1017 2147 1169 2206; x_wconf 86' lang='lat' dir='ltr'>nabecam</span> <span class='ocrx_word' id='word_1_574' title='bbox 1178 2151 1321 2218; x_wconf 89' lang='lat' dir='ltr'>potestate</span> <span class='ocrx_word' id='word_1_575' title='bbox 1329 2164 1441 2220; x_wconf 79' lang='lat' dir='ltr'>nrapna</span> <span class='ocrx_word' id='word_1_576' title='bbox 1450 2151 1653 2220; x_wconf 78' lang='lat' dir='ltr'>etmap&#39;ertate.</span> <span class='ocrx_word' id='word_1_577' title='bbox 1664 2147 1761 2215; x_wconf 80' lang='lat' dir='ltr'>Quod</span> <span class='ocrx_word' id='word_1_578' title='bbox 1772 2147 1852 2205; x_wconf 82' lang='lat' dir='ltr'>video</span> 
     </span>
     <span class='ocr_line' id='line_1_86' title="bbox 1017 2236 1850 2311; baseline -0.001 -17"><span class='ocrx_word' id='word_1_579' title='bbox 1017 2236 1850 2311; x_wconf 83' lang='lat' dir='ltr'>duobusmodisacoipiposse;alssinEcclesiatanqnam</span> 
     </span>
     <span class='ocr_line' id='line_1_87' title="bbox 1017 2325 1852 2398; baseline -0.001 -14"><span class='ocrx_word' id='word_1_580' title='bbox 1017 2325 1049 2384; x_wconf 88' lang='lat' dir='ltr'>in</span> <span class='ocrx_word' id='word_1_581' title='bbox 1072 2325 1154 2383; x_wconf 89' lang='lat' dir='ltr'>nube</span> <span class='ocrx_word' id='word_1_582' title='bbox 1167 2325 1346 2398; x_wconf 83' lang='lat' dir='ltr'>venientem,</span> <span class='ocrx_word' id='word_1_583' title='bbox 1372 2326 1451 2384; x_wconf 88' lang='lat' dir='ltr'>sicut</span> <span class='ocrx_word' id='word_1_584' title='bbox 1464 2327 1651 2384; x_wconf 88' lang='lat' dir='ltr'>etiamnunc</span> <span class='ocrx_word' id='word_1_585' title='bbox 1677 2326 1786 2384; x_wconf 83' lang='lat' dir='ltr'>venire</span> <span class='ocrx_word' id='word_1_586' title='bbox 1798 2340 1852 2383; x_wconf 87' lang='lat' dir='ltr'>non</span> 
     </span>
     <span class='ocr_line' id='line_1_88' title="bbox 1017 2414 1852 2489; baseline 0.002 -18"><span class='ocrx_word' id='word_1_587' title='bbox 1017 2421 1124 2487; x_wconf 83' lang='lat' dir='ltr'>cessat,</span> <span class='ocrx_word' id='word_1_588' title='bbox 1153 2414 1321 2474; x_wconf 76' lang='lat' dir='ltr'>meandum</span> <span class='ocrx_word' id='word_1_589' title='bbox 1335 2414 1461 2489; x_wconf 89' lang='lat' dir='ltr'>idqaod</span> <span class='ocrx_word' id='word_1_590' title='bbox 1485 2417 1536 2481; x_wconf 88' lang='lat' dir='ltr'>ait,</span> <span class='ocrx_word' id='word_1_591' title='bbox 1563 2415 1686 2473; x_wconf 72' lang='lat' dir='ltr'>amodo</span> <span class='ocrx_word' id='word_1_592' title='bbox 1723 2415 1852 2474; x_wconf 77' lang='lat' dir='ltr'>uidebitis</span> 
     </span>
     <span class='ocr_line' id='line_1_89' title="bbox 1016 2502 1852 2571; baseline -0.001 -10"><span class='ocrx_word' id='word_1_593' title='bbox 1016 2502 1128 2562; x_wconf 77' lang='lat' dir='ltr'>Filiam</span> <span class='ocrx_word' id='word_1_594' title='bbox 1153 2503 1281 2562; x_wconf 78' lang='lat' dir='ltr'>bominis</span> <span class='ocrx_word' id='word_1_595' title='bbox 1302 2505 1450 2563; x_wconf 80' lang='lat' dir='ltr'>sedentem</span> <span class='ocrx_word' id='word_1_596' title='bbox 1474 2521 1494 2562; x_wconf 92' lang='lat' dir='ltr'>a</span> <span class='ocrx_word' id='word_1_597' title='bbox 1516 2505 1637 2564; x_wconf 75' lang='lat' dir='ltr'>dextris</span> <span class='ocrx_word' id='word_1_598' title='bbox 1666 2504 1852 2571; x_wconf 66' lang='lat' dir='ltr'>victuriaci</span> 
     </span>
     <span class='ocr_line' id='line_1_90' title="bbox 1017 2593 1854 2667; baseline 0 -15"><span class='ocrx_word' id='word_1_599' title='bbox 1017 2593 1180 2652; x_wconf 85' lang='lat' dir='ltr'>aeniemem</span> <span class='ocrx_word' id='word_1_600' title='bbox 1190 2595 1223 2651; x_wconf 88' lang='lat' dir='ltr'>in</span> <span class='ocrx_word' id='word_1_601' title='bbox 1237 2594 1365 2653; x_wconf 82' lang='lat' dir='ltr'>nutibus</span> <span class='ocrx_word' id='word_1_602' title='bbox 1379 2595 1463 2662; x_wconf 81' lang='lat' dir='ltr'>caii,·</span> <span class='ocrx_word' id='word_1_603' title='bbox 1476 2595 1528 2652; x_wconf 87' lang='lat' dir='ltr'>sod</span> <span class='ocrx_word' id='word_1_604' title='bbox 1538 2594 1609 2652; x_wconf 90' lang='lat' dir='ltr'>ideo</span> <span class='ocrx_word' id='word_1_605' title='bbox 1624 2599 1703 2654; x_wconf 85' lang='lat' dir='ltr'>tunc</span> <span class='ocrx_word' id='word_1_606' title='bbox 1717 2611 1792 2652; x_wconf 89' lang='lat' dir='ltr'>cum</span> <span class='ocrx_word' id='word_1_607' title='bbox 1808 2610 1854 2667; x_wconf 91' lang='lat' dir='ltr'>po·</span> 
     </span>
     <span class='ocr_line' id='line_1_91' title="bbox 1017 2683 1855 2757; baseline -0.002 -17"><span class='ocrx_word' id='word_1_608' title='bbox 1017 2686 1123 2740; x_wconf 71' lang='lat' dir='ltr'>mutate</span> <span class='ocrx_word' id='word_1_609' title='bbox 1136 2698 1250 2753; x_wconf 81' lang='lat' dir='ltr'>magns</span> <span class='ocrx_word' id='word_1_610' title='bbox 1263 2691 1292 2740; x_wconf 90' lang='lat' dir='ltr'>et</span> <span class='ocrx_word' id='word_1_611' title='bbox 1305 2684 1469 2755; x_wconf 78' lang='lat' dir='ltr'>maiestate,</span> <span class='ocrx_word' id='word_1_612' title='bbox 1484 2683 1555 2757; x_wconf 91' lang='lat' dir='ltr'>quia</span> <span class='ocrx_word' id='word_1_613' title='bbox 1565 2683 1670 2756; x_wconf 85' lang='lat' dir='ltr'>major</span> <span class='ocrx_word' id='word_1_614' title='bbox 1682 2690 1820 2756; x_wconf 85' lang='lat' dir='ltr'>potestas</span> <span class='ocrx_word' id='word_1_615' title='bbox 1829 2687 1855 2740; x_wconf 86' lang='lat' dir='ltr'>et</span> 
     </span>
     <span class='ocr_line' id='line_1_92' title="bbox 1018 2771 1854 2846; baseline 0.001 -17"><span class='ocrx_word' id='word_1_616' title='bbox 1018 2771 1161 2844; x_wconf 79' lang='lat' dir='ltr'>majestas</span> <span class='ocrx_word' id='word_1_617' title='bbox 1174 2772 1253 2829; x_wconf 86' lang='lat' dir='ltr'>illius</span> <span class='ocrx_word' id='word_1_618' title='bbox 1265 2772 1425 2845; x_wconf 84' lang='lat' dir='ltr'>apparebit</span> <span class='ocrx_word' id='word_1_619' title='bbox 1441 2771 1564 2840; x_wconf 87' lang='lat' dir='ltr'>sanctis,</span> <span class='ocrx_word' id='word_1_620' title='bbox 1576 2772 1700 2846; x_wconf 88' lang='lat' dir='ltr'>quibus</span> <span class='ocrx_word' id='word_1_621' title='bbox 1718 2788 1854 2845; x_wconf 70' lang='lat' dir='ltr'>magnam</span> 
     </span>
     <span class='ocr_line' id='line_1_93' title="bbox 1019 2860 1854 2935; baseline -0.001 -18"><span class='ocrx_word' id='word_1_622' title='bbox 1019 2860 1158 2918; x_wconf 79' lang='lat' dir='ltr'>virtutem</span> <span class='ocrx_word' id='word_1_623' title='bbox 1172 2860 1266 2928; x_wconf 89' lang='lat' dir='ltr'>dabit,</span> <span class='ocrx_word' id='word_1_624' title='bbox 1287 2875 1325 2918; x_wconf 87' lang='lat' dir='ltr'>nc</span> <span class='ocrx_word' id='word_1_625' title='bbox 1339 2865 1424 2919; x_wconf 71' lang='lat' dir='ltr'>unta</span> <span class='ocrx_word' id='word_1_626' title='bbox 1438 2861 1649 2935; x_wconf 86' lang='lat' dir='ltr'>persecutione</span> <span class='ocrx_word' id='word_1_627' title='bbox 1673 2862 1854 2921; x_wconf 71' lang='lat' dir='ltr'>vincantur</span> 
     </span>
     <span class='ocr_line' id='line_1_94' title="bbox 1019 2948 1854 3023; baseline 0.001 -17"><span class='ocrx_word' id='word_1_628' title='bbox 1019 2948 1080 3006; x_wconf 87' lang='lat' dir='ltr'>slve</span> <span class='ocrx_word' id='word_1_629' title='bbox 1098 2950 1129 3008; x_wconf 91' lang='lat' dir='ltr'>in</span> <span class='ocrx_word' id='word_1_630' title='bbox 1140 2966 1266 3023; x_wconf 86' lang='lat' dir='ltr'>corpore</span> <span class='ocrx_word' id='word_1_631' title='bbox 1278 2965 1344 3019; x_wconf 90' lang='lat' dir='ltr'>suo,</span> <span class='ocrx_word' id='word_1_632' title='bbox 1359 2952 1464 3023; x_wconf 89' lang='lat' dir='ltr'>inquo</span> <span class='ocrx_word' id='word_1_633' title='bbox 1479 2949 1564 3008; x_wconf 87' lang='lat' dir='ltr'>sedet</span> <span class='ocrx_word' id='word_1_634' title='bbox 1578 2949 1622 3008; x_wconf 87' lang='lat' dir='ltr'>sd</span> <span class='ocrx_word' id='word_1_635' title='bbox 1634 2950 1799 3009; x_wconf 82' lang='lat' dir='ltr'>dexteram</span> <span class='ocrx_word' id='word_1_636' title='bbox 1811 2951 1854 3007; x_wconf 73' lang='lat' dir='ltr'>le</span> 
     </span>
     <span class='ocr_line' id='line_1_95' title="bbox 1020 3039 1855 3113; baseline 0 -17"><span class='ocrx_word' id='word_1_637' title='bbox 1020 3039 1083 3107; x_wconf 88' lang='lat' dir='ltr'>tris,</span> <span class='ocrx_word' id='word_1_638' title='bbox 1098 3039 1129 3096; x_wconf 93' lang='lat' dir='ltr'>in</span> <span class='ocrx_word' id='word_1_639' title='bbox 1155 3040 1321 3113; x_wconf 85' lang='lat' dir='ltr'>quostiam</span> <span class='ocrx_word' id='word_1_640' title='bbox 1340 3046 1479 3097; x_wconf 90' lang='lat' dir='ltr'>mortuus</span> <span class='ocrx_word' id='word_1_641' title='bbox 1499 3044 1556 3108; x_wconf 86' lang='lat' dir='ltr'>est,</span> <span class='ocrx_word' id='word_1_642' title='bbox 1582 3045 1614 3097; x_wconf 87' lang='lat' dir='ltr'>st</span> <span class='ocrx_word' id='word_1_643' title='bbox 1630 3040 1809 3107; x_wconf 82' lang='lat' dir='ltr'>resurrexit.</span> <span class='ocrx_word' id='word_1_644' title='bbox 1830 3044 1855 3096; x_wconf 89' lang='lat' dir='ltr'>et</span> 
     </span>
     <span class='ocr_line' id='line_1_96' title="bbox 1020 3127 1853 3203; baseline 0 -18"><span class='ocrx_word' id='word_1_645' title='bbox 1020 3127 1154 3185; x_wconf 87' lang='lat' dir='ltr'>ascendit</span> <span class='ocrx_word' id='word_1_646' title='bbox 1167 3129 1198 3185; x_wconf 91' lang='lat' dir='ltr'>ln</span> <span class='ocrx_word' id='word_1_647' title='bbox 1212 3128 1334 3195; x_wconf 83' lang='lat' dir='ltr'>coelnm,</span> <span class='ocrx_word' id='word_1_648' title='bbox 1360 3127 1528 3185; x_wconf 89' lang='lat' dir='ltr'>secundum</span> <span class='ocrx_word' id='word_1_649' title='bbox 1539 3128 1627 3202; x_wconf 92' lang='lat' dir='ltr'>quod</span> <span class='ocrx_word' id='word_1_650' title='bbox 1642 3129 1797 3203; x_wconf 88' lang='lat' dir='ltr'>scriptum</span> <span class='ocrx_word' id='word_1_651' title='bbox 1816 3134 1853 3185; x_wconf 88' lang='lat' dir='ltr'>est</span> 
     </span>
     <span class='ocr_line' id='line_1_97' title="bbox 1020 3216 1854 3290; baseline 0.001 -15"><span class='ocrx_word' id='word_1_652' title='bbox 1020 3217 1052 3275; x_wconf 92' lang='lat' dir='ltr'>in</span> <span class='ocrx_word' id='word_1_653' title='bbox 1065 3216 1189 3274; x_wconf 76' lang='lat' dir='ltr'>Actibus</span> <span class='ocrx_word' id='word_1_654' title='bbox 1201 3217 1423 3290; x_wconf 76' lang='lat' dir='ltr'>apostolorum,</span> <span class='ocrx_word' id='word_1_655' title='bbox 1444 3218 1495 3275; x_wconf 82' lang='lat' dir='ltr'>His</span> <span class='ocrx_word' id='word_1_656' title='bbox 1509 3217 1597 3276; x_wconf 80' lang='lat' dir='ltr'>dictis</span> <span class='ocrx_word' id='word_1_657' title='bbox 1612 3218 1714 3276; x_wconf 78' lang='lat' dir='ltr'>nubes</span> <span class='ocrx_word' id='word_1_658' title='bbox 1734 3219 1854 3288; x_wconf 67' lang='lat' dir='ltr'>sweep}</span> 
     </span>
     <span class='ocr_line' id='line_1_98' title="bbox 1022 3306 1854 3380; baseline -0.002 -15"><span class='ocrx_word' id='word_1_659' title='bbox 1022 3320 1097 3370; x_wconf 87' lang='lat' dir='ltr'>euru.</span> <span class='ocrx_word' id='word_1_660' title='bbox 1108 3313 1135 3364; x_wconf 89' lang='lat' dir='ltr'>et</span> <span class='ocrx_word' id='word_1_661' title='bbox 1147 3306 1283 3364; x_wconf 83' lang='lat' dir='ltr'>subiatas</span> <span class='ocrx_word' id='word_1_662' title='bbox 1295 3310 1337 3365; x_wconf 90' lang='lat' dir='ltr'>est</span> <span class='ocrx_word' id='word_1_663' title='bbox 1350 3307 1389 3365; x_wconf 85' lang='lat' dir='ltr'>ab</span> <span class='ocrx_word' id='word_1_664' title='bbox 1403 3307 1456 3365; x_wconf 87' lang='lat' dir='ltr'>eis.</span> <span class='ocrx_word' id='word_1_665' title='bbox 1471 3309 1504 3363; x_wconf 91' lang='lat' dir='ltr'>Et</span> <span class='ocrx_word' id='word_1_666' title='bbox 1518 3307 1591 3380; x_wconf 87' lang='lat' dir='ltr'>quis</span> <span class='ocrx_word' id='word_1_667' title='bbox 1604 3306 1667 3364; x_wconf 90' lang='lat' dir='ltr'>illic</span> <span class='ocrx_word' id='word_1_668' title='bbox 1682 3308 1782 3365; x_wconf 76' lang='lat' dir='ltr'>susm</span> <span class='ocrx_word' id='word_1_669' title='bbox 1801 3306 1854 3364; x_wconf 87' lang='lat' dir='ltr'>dis·</span> 
     </span>
     <span class='ocr_line' id='line_1_99' title="bbox 1022 3395 1852 3467; baseline 0.001 -15"><span class='ocrx_word' id='word_1_670' title='bbox 1022 3399 1087 3452; x_wconf 91' lang='lat' dir='ltr'>tum</span> <span class='ocrx_word' id='word_1_671' title='bbox 1101 3401 1145 3452; x_wconf 89' lang='lat' dir='ltr'>est</span> <span class='ocrx_word' id='word_1_672' title='bbox 1159 3396 1199 3452; x_wconf 90' lang='lat' dir='ltr'>ab</span> <span class='ocrx_word' id='word_1_673' title='bbox 1228 3395 1358 3467; x_wconf 76' lang='lat' dir='ltr'>Angelis,</span> <span class='ocrx_word' id='word_1_674' title='bbox 1384 3395 1434 3453; x_wconf 78' lang='lat' dir='ltr'>sn</span> <span class='ocrx_word' id='word_1_675' title='bbox 1462 3395 1567 3463; x_wconf 84' lang='lat' dir='ltr'>ueniet,</span> <span class='ocrx_word' id='word_1_676' title='bbox 1599 3396 1852 3467; x_wconf 73' lang='lat' dir='ltr'>qnmadmodan</span> 
     </span>
     <span class='ocr_line' id='line_1_100' title="bbox 1020 3483 1853 3565; baseline 0.001 -25"><span class='ocrx_word' id='word_1_677' title='bbox 1020 3483 1137 3565; x_wconf 72' lang='lat' dir='ltr'>scidistis</span> <span class='ocrx_word' id='word_1_678' title='bbox 1147 3499 1214 3542; x_wconf 87' lang='lat' dir='ltr'>enm</span> <span class='ocrx_word' id='word_1_679' title='bbox 1226 3491 1343 3544; x_wconf 84' lang='lat' dir='ltr'>euntem</span> <span class='ocrx_word' id='word_1_680' title='bbox 1355 3485 1387 3542; x_wconf 88' lang='lat' dir='ltr'>in</span> <span class='ocrx_word' id='word_1_681' title='bbox 1399 3484 1588 3557; x_wconf 61' lang='lat' dir='ltr'>calumum.</span> <span class='ocrx_word' id='word_1_682' title='bbox 1599 3500 1621 3551; x_wconf 85' lang='lat' dir='ltr'>r,</span> <span class='ocrx_word' id='word_1_683' title='bbox 1630 3483 1659 3552; x_wconf 80' lang='grc'>9,</span> <span class='ocrx_word' id='word_1_684' title='bbox 1678 3485 1741 3559; x_wconf 82' lang='lat' dir='ltr'>lt),</span> <span class='ocrx_word' id='word_1_685' title='bbox 1757 3485 1853 3543; x_wconf 73' lang='lat' dir='ltr'>manto</span> 
     </span>
     <span class='ocr_line' id='line_1_101' title="bbox 1023 3571 1852 3646; baseline 0.004 -17"><span class='ocrx_word' id='word_1_686' title='bbox 1023 3571 1255 3641; x_wconf 87' lang='lat' dir='ltr'>credendusest,</span> <span class='ocrx_word' id='word_1_687' title='bbox 1265 3589 1325 3631; x_wconf 93' lang='lat' dir='ltr'>non</span> <span class='ocrx_word' id='word_1_688' title='bbox 1336 3572 1470 3631; x_wconf 88' lang='lat' dir='ltr'>salumin</span> <span class='ocrx_word' id='word_1_689' title='bbox 1482 3572 1745 3646; x_wconf 87' lang='lat' dir='ltr'>eodemcorpore,</span> <span class='ocrx_word' id='word_1_690' title='bbox 1760 3588 1852 3632; x_wconf 82' lang='lat' dir='ltr'>vernn</span> 
     </span>
     <span class='ocr_line' id='line_1_102' title="bbox 1024 3663 1852 3736; baseline -0.001 -15"><span class='ocrx_word' id='word_1_691' title='bbox 1024 3663 1115 3721; x_wconf 89' lang='lat' dir='ltr'>etiam</span> <span class='ocrx_word' id='word_1_692' title='bbox 1128 3664 1159 3721; x_wconf 90' lang='lat' dir='ltr'>in</span> <span class='ocrx_word' id='word_1_693' title='bbox 1171 3663 1252 3721; x_wconf 90' lang='lat' dir='ltr'>nube</span> <span class='ocrx_word' id='word_1_694' title='bbox 1267 3669 1429 3730; x_wconf 82' lang='lat' dir='ltr'>venturus;</span> <span class='ocrx_word' id='word_1_695' title='bbox 1444 3663 1592 3736; x_wconf 90' lang='lat' dir='ltr'>quoniam</span> <span class='ocrx_word' id='word_1_696' title='bbox 1605 3664 1650 3721; x_wconf 90' lang='lat' dir='ltr'>sic</span> <span class='ocrx_word' id='word_1_697' title='bbox 1664 3666 1772 3722; x_wconf 81' lang='lat' dir='ltr'>reniet</span> <span class='ocrx_word' id='word_1_698' title='bbox 1786 3665 1852 3721; x_wconf 75' lang='lat' dir='ltr'>neat</span> 
     </span>
     <span class='ocr_line' id='line_1_103' title="bbox 1024 3751 1677 3826; baseline -0.003 -16"><span class='ocrx_word' id='word_1_699' title='bbox 1024 3753 1110 3820; x_wconf 90' lang='lat' dir='ltr'>abiit,</span> <span class='ocrx_word' id='word_1_700' title='bbox 1124 3758 1153 3812; x_wconf 89' lang='lat' dir='ltr'>et</span> <span class='ocrx_word' id='word_1_701' title='bbox 1164 3752 1342 3810; x_wconf 90' lang='lat' dir='ltr'>nubescum</span> <span class='ocrx_word' id='word_1_702' title='bbox 1358 3751 1677 3826; x_wconf 87' lang='lat' dir='ltr'>suscepitabeunteru.</span> 
     </span>
    </p>
   </div>
   <div class='ocr_carea' id='block_1_10' title="bbox 1025 3848 1859 5709">
    <p class='ocr_par' dir='ltr' id='par_1_11' title="bbox 1025 3848 1859 5709">
     <span class='ocr_line' id='line_1_104' title="bbox 1061 3848 1853 3926; baseline -0.003 -17"><span class='ocrx_word' id='word_1_703' title='bbox 1061 3850 1288 3910; x_wconf 72' lang='lat' dir='ltr'>sassonorum</span> <span class='ocrx_word' id='word_1_704' title='bbox 1298 3848 1853 3926; x_wconf 69' lang='lat' dir='ltr'>duorumquidbicpotiussligendnn</span> 
     </span>
     <span class='ocr_line' id='line_1_105' title="bbox 1025 3938 1852 4014; baseline -0.001 -15"><span class='ocrx_word' id='word_1_705' title='bbox 1025 3942 1074 4007; x_wconf 85' lang='lat' dir='ltr'>sit,</span> <span class='ocrx_word' id='word_1_706' title='bbox 1087 3940 1223 4014; x_wconf 84' lang='lat' dir='ltr'>judicare</span> <span class='ocrx_word' id='word_1_707' title='bbox 1234 3938 1420 3998; x_wconf 86' lang='lat' dir='ltr'>difficilsest.</span> <span class='ocrx_word' id='word_1_708' title='bbox 1434 3940 1600 4012; x_wconf 83' lang='lat' dir='ltr'>Promptior</span> <span class='ocrx_word' id='word_1_709' title='bbox 1608 3940 1744 4012; x_wconf 86' lang='lat' dir='ltr'>quidem</span> <span class='ocrx_word' id='word_1_710' title='bbox 1754 3954 1852 3998; x_wconf 77' lang='lat' dir='ltr'>masas</span> 
     </span>
     <span class='ocr_line' id='line_1_106' title="bbox 1026 4025 1855 4104; baseline 0.001 -17"><span class='ocrx_word' id='word_1_711' title='bbox 1026 4035 1071 4087; x_wconf 90' lang='lat' dir='ltr'>est</span> <span class='ocrx_word' id='word_1_712' title='bbox 1086 4033 1118 4085; x_wconf 92' lang='lat' dir='ltr'>ut</span> <span class='ocrx_word' id='word_1_713' title='bbox 1130 4030 1258 4104; x_wconf 90' lang='lat' dir='ltr'>quisque</span> <span class='ocrx_word' id='word_1_714' title='bbox 1269 4044 1340 4085; x_wconf 91' lang='lat' dir='ltr'>cum</span> <span class='ocrx_word' id='word_1_715' title='bbox 1351 4027 1480 4086; x_wconf 89' lang='lat' dir='ltr'>audierit</span> <span class='ocrx_word' id='word_1_716' title='bbox 1491 4026 1538 4084; x_wconf 83' lang='lat' dir='ltr'>vel</span> <span class='ocrx_word' id='word_1_717' title='bbox 1551 4025 1668 4098; x_wconf 72' lang='lat' dir='ltr'>legerit.</span> <span class='ocrx_word' id='word_1_718' title='bbox 1680 4028 1724 4086; x_wconf 77' lang='lat' dir='ltr'>Et</span> <span class='ocrx_word' id='word_1_719' title='bbox 1740 4028 1855 4087; x_wconf 69' lang='lat' dir='ltr'>mucci</span> 
     </span>
     <span class='ocr_line' id='line_1_107' title="bbox 1027 4115 1854 4188; baseline -0.002 -10"><span class='ocrx_word' id='word_1_720' title='bbox 1027 4120 1136 4178; x_wconf 86' lang='lat' dir='ltr'>debunt</span> <span class='ocrx_word' id='word_1_721' title='bbox 1148 4118 1261 4175; x_wconf 82' lang='lat' dir='ltr'>Filium</span> <span class='ocrx_word' id='word_1_722' title='bbox 1271 4116 1398 4176; x_wconf 81' lang='lat' dir='ltr'>bominis</span> <span class='ocrx_word' id='word_1_723' title='bbox 1407 4116 1571 4175; x_wconf 78' lang='lat' dir='ltr'>benicetem</span> <span class='ocrx_word' id='word_1_724' title='bbox 1584 4115 1618 4174; x_wconf 85' lang='lat' dir='ltr'>in</span> <span class='ocrx_word' id='word_1_725' title='bbox 1633 4117 1719 4176; x_wconf 61' lang='lat' dir='ltr'>nn&amp;</span> <span class='ocrx_word' id='word_1_726' title='bbox 1727 4135 1798 4175; x_wconf 82' lang='lat' dir='ltr'>cuns</span> <span class='ocrx_word' id='word_1_727' title='bbox 1809 4133 1854 4188; x_wconf 77' lang='grc' dir='ltr'>ρο·</span> 
     </span>
     <span class='ocr_line' id='line_1_108' title="bbox 1028 4206 1856 4280; baseline -0.002 -14"><span class='ocrx_word' id='word_1_728' title='bbox 1028 4213 1133 4266; x_wconf 86' lang='lat' dir='ltr'>testate</span> <span class='ocrx_word' id='word_1_729' title='bbox 1142 4221 1253 4278; x_wconf 81' lang='lat' dir='ltr'>mapna</span> <span class='ocrx_word' id='word_1_730' title='bbox 1267 4212 1295 4264; x_wconf 89' lang='lat' dir='ltr'>et</span> <span class='ocrx_word' id='word_1_731' title='bbox 1310 4206 1575 4278; x_wconf 73' lang='lat' dir='ltr'>maissiamipsum</span> <span class='ocrx_word' id='word_1_732' title='bbox 1591 4220 1722 4277; x_wconf 86' lang='lat' dir='ltr'>prorsus</span> <span class='ocrx_word' id='word_1_733' title='bbox 1736 4209 1856 4280; x_wconf 81' lang='lat' dir='ltr'>accipiat</span> 
     </span>
     <span class='ocr_line' id='line_1_109' title="bbox 1027 4294 1855 4371; baseline -0.002 -14"><span class='ocrx_word' id='word_1_734' title='bbox 1027 4298 1093 4371; x_wconf 81' lang='lat' dir='ltr'>ejus</span> <span class='ocrx_word' id='word_1_735' title='bbox 1104 4297 1280 4364; x_wconf 85' lang='lat' dir='ltr'>adventum,</span> <span class='ocrx_word' id='word_1_736' title='bbox 1293 4311 1354 4354; x_wconf 91' lang='lat' dir='ltr'>non</span> <span class='ocrx_word' id='word_1_737' title='bbox 1370 4311 1423 4369; x_wconf 92' lang='lat' dir='ltr'>per</span> <span class='ocrx_word' id='word_1_738' title='bbox 1444 4294 1619 4360; x_wconf 83' lang='lat' dir='ltr'>Ecclesiam,</span> <span class='ocrx_word' id='word_1_739' title='bbox 1635 4294 1692 4353; x_wconf 90' lang='lat' dir='ltr'>sed</span> <span class='ocrx_word' id='word_1_740' title='bbox 1712 4313 1771 4370; x_wconf 85' lang='lat' dir='ltr'>per</span> <span class='ocrx_word' id='word_1_741' title='bbox 1785 4299 1855 4368; x_wconf 82' lang='lat' dir='ltr'>scip·</span> 
     </span>
     <span class='ocr_line' id='line_1_110' title="bbox 1028 4383 1857 4460; baseline -0.002 -16"><span class='ocrx_word' id='word_1_742' title='bbox 1028 4403 1108 4454; x_wconf 91' lang='lat' dir='ltr'>sum,</span> <span class='ocrx_word' id='word_1_743' title='bbox 1123 4384 1248 4460; x_wconf 89' lang='lat' dir='ltr'>quando</span> <span class='ocrx_word' id='word_1_744' title='bbox 1258 4396 1400 4442; x_wconf 83' lang='lat' dir='ltr'>venturus</span> <span class='ocrx_word' id='word_1_745' title='bbox 1414 4383 1510 4442; x_wconf 86' lang='lat' dir='ltr'>estad</span> <span class='ocrx_word' id='word_1_746' title='bbox 1528 4383 1612 4441; x_wconf 83' lang='lat' dir='ltr'>rivos</span> <span class='ocrx_word' id='word_1_747' title='bbox 1626 4389 1659 4442; x_wconf 85' lang='lat' dir='ltr'>at</span> <span class='ocrx_word' id='word_1_748' title='bbox 1668 4392 1808 4444; x_wconf 87' lang='lat' dir='ltr'>mortuos</span> <span class='ocrx_word' id='word_1_749' title='bbox 1815 4386 1857 4459; x_wconf 83' lang='lat' dir='ltr'>jn·</span> 
     </span>
     <span class='ocr_line' id='line_1_111' title="bbox 1028 4473 1856 4548; baseline -0.004 -13"><span class='ocrx_word' id='word_1_750' title='bbox 1028 4475 1189 4535; x_wconf 89' lang='lat' dir='ltr'>dicandas:</span> <span class='ocrx_word' id='word_1_751' title='bbox 1203 4474 1255 4531; x_wconf 82' lang='lat' dir='ltr'>secl</span> <span class='ocrx_word' id='word_1_752' title='bbox 1268 4475 1413 4548; x_wconf 89' lang='lat' dir='ltr'>quoniam</span> <span class='ocrx_word' id='word_1_753' title='bbox 1422 4473 1581 4545; x_wconf 78' lang='lat' dir='ltr'>Scriptura</span> <span class='ocrx_word' id='word_1_754' title='bbox 1590 4475 1772 4534; x_wconf 67' lang='lat' dir='ltr'>scrutanda</span> <span class='ocrx_word' id='word_1_755' title='bbox 1784 4478 1856 4539; x_wconf 85' lang='lat' dir='ltr'>suet.</span> 
     </span>
     <span class='ocr_line' id='line_1_112' title="bbox 1028 4562 1857 4643; baseline -0.004 -19"><span class='ocrx_word' id='word_1_756' title='bbox 1028 4579 1085 4626; x_wconf 89' lang='lat' dir='ltr'>nec</span> <span class='ocrx_word' id='word_1_757' title='bbox 1096 4580 1201 4643; x_wconf 84' lang='lat' dir='ltr'>aarum</span> <span class='ocrx_word' id='word_1_758' title='bbox 1211 4563 1368 4636; x_wconf 85' lang='lat' dir='ltr'>superlicio</span> <span class='ocrx_word' id='word_1_759' title='bbox 1381 4562 1529 4620; x_wconf 87' lang='lat' dir='ltr'>debemus</span> <span class='ocrx_word' id='word_1_760' title='bbox 1542 4577 1607 4619; x_wconf 85' lang='lat' dir='ltr'>esse</span> <span class='ocrx_word' id='word_1_761' title='bbox 1632 4565 1857 4640; x_wconf 70' lang='lat' dir='ltr'>contentique</span> 
     </span>
     <span class='ocr_line' id='line_1_113' title="bbox 1029 4651 1857 4719; baseline -0.005 -6"><span class='ocrx_word' id='word_1_762' title='bbox 1029 4655 1070 4713; x_wconf 89' lang='lat' dir='ltr'>ad</span> <span class='ocrx_word' id='word_1_763' title='bbox 1081 4653 1323 4712; x_wconf 86' lang='lat' dir='ltr'>exercitationem</span> <span class='ocrx_word' id='word_1_764' title='bbox 1337 4658 1473 4710; x_wconf 85' lang='lat' dir='ltr'>nostram</span> <span class='ocrx_word' id='word_1_765' title='bbox 1487 4651 1528 4709; x_wconf 86' lang='lat' dir='ltr'>ita</span> <span class='ocrx_word' id='word_1_766' title='bbox 1539 4651 1724 4711; x_wconf 77' lang='lat' dir='ltr'>modificatae</span> <span class='ocrx_word' id='word_1_767' title='bbox 1734 4659 1817 4719; x_wconf 87' lang='lat' dir='ltr'>sunt,</span> <span class='ocrx_word' id='word_1_768' title='bbox 1831 4658 1857 4709; x_wconf 90' lang='lat' dir='ltr'>at</span> 
     </span>
     <span class='ocr_line' id='line_1_114' title="bbox 1029 4740 1858 4815; baseline -0.007 -12"><span class='ocrx_word' id='word_1_769' title='bbox 1029 4740 1578 4815; x_wconf 76' lang='lat' dir='ltr'>altiuasepenstrsrivelintdiligenter</span> <span class='ocrx_word' id='word_1_770' title='bbox 1586 4741 1858 4810; x_wconf 83' lang='lat' dir='ltr'>suntinspiciends</span> 
     </span>
     <span class='ocr_line' id='line_1_115' title="bbox 1031 4828 1858 4907; baseline 0.001 -18"><span class='ocrx_word' id='word_1_771' title='bbox 1031 4831 1198 4907; x_wconf 89' lang='lat' dir='ltr'>sequentia.</span> <span class='ocrx_word' id='word_1_772' title='bbox 1211 4828 1513 4896; x_wconf 77' lang='lat' dir='ltr'>Cumanimdiaisset</span> <span class='ocrx_word' id='word_1_773' title='bbox 1528 4830 1562 4886; x_wconf 86' lang='lat' dir='ltr'>Et</span> <span class='ocrx_word' id='word_1_774' title='bbox 1571 4837 1646 4888; x_wconf 86' lang='lat' dir='ltr'>tunc</span> <span class='ocrx_word' id='word_1_775' title='bbox 1659 4831 1858 4891; x_wconf 64' lang='lat' dir='ltr'>nutantis</span> 
     </span>
     <span class='ocr_line' id='line_1_116' title="bbox 1032 4918 1859 4989; baseline 0 -9"><span class='ocrx_word' id='word_1_776' title='bbox 1032 4923 1105 4980; x_wconf 87' lang='lat' dir='ltr'>tiam</span> <span class='ocrx_word' id='word_1_777' title='bbox 1112 4919 1408 4978; x_wconf 79' lang='lat' dir='ltr'>bominisuenientem</span> <span class='ocrx_word' id='word_1_778' title='bbox 1425 4918 1540 4976; x_wconf 85' lang='lat' dir='ltr'>innate</span> <span class='ocrx_word' id='word_1_779' title='bbox 1549 4932 1617 4977; x_wconf 85' lang='lat' dir='ltr'>enm</span> <span class='ocrx_word' id='word_1_780' title='bbox 1637 4924 1789 4989; x_wconf 74' lang='lat' dir='ltr'>poterim</span> <span class='ocrx_word' id='word_1_781' title='bbox 1801 4936 1859 4979; x_wconf 84' lang='grc' dir='ltr'><strong>οιο·</strong></span> 
     </span>
     <span class='ocr_line' id='line_1_117' title="bbox 1031 5007 1858 5084; baseline 0 -17"><span class='ocrx_word' id='word_1_782' title='bbox 1031 5026 1093 5084; x_wconf 84' lang='lat' dir='ltr'>pna</span> <span class='ocrx_word' id='word_1_783' title='bbox 1100 5016 1128 5068; x_wconf 90' lang='lat' dir='ltr'>et</span> <span class='ocrx_word' id='word_1_784' title='bbox 1138 5012 1295 5081; x_wconf 77' lang='lat' dir='ltr'>maiestate</span> <span class='ocrx_word' id='word_1_785' title='bbox 1301 5007 1454 5080; x_wconf 75' lang='lat' dir='ltr'>radjunxit</span> <span class='ocrx_word' id='word_1_786' title='bbox 1462 5009 1611 5082; x_wconf 86' lang='lat' dir='ltr'>atqueait,</span> <span class='ocrx_word' id='word_1_787' title='bbox 1627 5008 1858 5080; x_wconf 68' lang='lat' dir='ltr'>Benacenses·</span> 
     </span>
     <span class='ocr_line' id='line_1_118' title="bbox 1030 5097 1857 5174; baseline -0.004 -17"><span class='ocrx_word' id='word_1_788' title='bbox 1030 5098 1251 5169; x_wconf 81' lang='lat' dir='ltr'>incipientibus,</span> <span class='ocrx_word' id='word_1_789' title='bbox 1263 5097 1399 5167; x_wconf 84' lang='lat' dir='ltr'>respicite</span> <span class='ocrx_word' id='word_1_790' title='bbox 1407 5104 1434 5156; x_wconf 89' lang='lat' dir='ltr'>et</span> <span class='ocrx_word' id='word_1_791' title='bbox 1443 5098 1540 5156; x_wconf 82' lang='lat' dir='ltr'>lenate</span> <span class='ocrx_word' id='word_1_792' title='bbox 1547 5098 1652 5174; x_wconf 86' lang='lat' dir='ltr'>capita</span> <span class='ocrx_word' id='word_1_793' title='bbox 1666 5106 1780 5164; x_wconf 84' lang='lat' dir='ltr'>nestra,</span> <span class='ocrx_word' id='word_1_794' title='bbox 1791 5114 1857 5173; x_wconf 77' lang='lat' dir='ltr'>qao-</span> 
     </span>
     <span class='ocr_line' id='line_1_119' title="bbox 1031 5186 1856 5260; baseline -0.005 -13"><span class='ocrx_word' id='word_1_795' title='bbox 1031 5189 1113 5248; x_wconf 89' lang='lat' dir='ltr'>niam</span> <span class='ocrx_word' id='word_1_796' title='bbox 1125 5188 1349 5260; x_wconf 83' lang='lat' dir='ltr'>appropinquat</span> <span class='ocrx_word' id='word_1_797' title='bbox 1355 5187 1517 5258; x_wconf 88' lang='lat' dir='ltr'>redemptio</span> <span class='ocrx_word' id='word_1_798' title='bbox 1527 5193 1636 5244; x_wconf 70' lang='lat' dir='ltr'>outre.</span> <span class='ocrx_word' id='word_1_799' title='bbox 1652 5186 1693 5244; x_wconf 85' lang='lat' dir='ltr'>Et</span> <span class='ocrx_word' id='word_1_800' title='bbox 1705 5188 1789 5246; x_wconf 74' lang='lat' dir='ltr'>dicit</span> <span class='ocrx_word' id='word_1_801' title='bbox 1801 5187 1856 5244; x_wconf 85' lang='lat' dir='ltr'>iltis</span> 
     </span>
     <span class='ocr_line' id='line_1_120' title="bbox 1030 5276 1855 5345; baseline -0.001 -9"><span class='ocrx_word' id='word_1_802' title='bbox 1030 5277 1276 5336; x_wconf 70' lang='lat' dir='ltr'>similitudinem:</span> <span class='ocrx_word' id='word_1_803' title='bbox 1293 5276 1393 5335; x_wconf 81' lang='lat' dir='ltr'>Videte</span> <span class='ocrx_word' id='word_1_804' title='bbox 1400 5277 1560 5344; x_wconf 67' lang='lat' dir='ltr'>amineam</span> <span class='ocrx_word' id='word_1_805' title='bbox 1569 5281 1597 5334; x_wconf 85' lang='lat' dir='ltr'>et</span> <span class='ocrx_word' id='word_1_806' title='bbox 1604 5290 1710 5333; x_wconf 85' lang='lat' dir='ltr'>omnes</span> <span class='ocrx_word' id='word_1_807' title='bbox 1719 5277 1855 5345; x_wconf 67' lang='lat' dir='ltr'>arbores</span> 
     </span>
     <span class='ocr_line' id='line_1_121' title="bbox 1032 5366 1853 5439; baseline -0.005 -13"><span class='ocrx_word' id='word_1_808' title='bbox 1032 5383 1099 5426; x_wconf 86' lang='lat' dir='ltr'>cum</span> <span class='ocrx_word' id='word_1_809' title='bbox 1109 5367 1352 5437; x_wconf 68' lang='lat' dir='ltr'>producentium</span> <span class='ocrx_word' id='word_1_810' title='bbox 1363 5381 1401 5423; x_wconf 79' lang='lat' dir='ltr'>ea</span> <span class='ocrx_word' id='word_1_811' title='bbox 1414 5380 1445 5423; x_wconf 88' lang='lat' dir='ltr'>se</span> <span class='ocrx_word' id='word_1_812' title='bbox 1455 5366 1602 5435; x_wconf 70' lang='lat' dir='ltr'>fractam,</span> <span class='ocrx_word' id='word_1_813' title='bbox 1615 5366 1702 5423; x_wconf 84' lang='lat' dir='ltr'>scitis</span> <span class='ocrx_word' id='word_1_814' title='bbox 1715 5368 1853 5439; x_wconf 70' lang='lat' dir='ltr'>pamiae</span> 
     </span>
     <span class='ocr_line' id='line_1_122' title="bbox 1030 5453 1852 5528; baseline -0.001 -14"><span class='ocrx_word' id='word_1_815' title='bbox 1030 5471 1124 5528; x_wconf 86' lang='lat' dir='ltr'>prope</span> <span class='ocrx_word' id='word_1_816' title='bbox 1134 5462 1177 5513; x_wconf 87' lang='lat' dir='ltr'>est</span> <span class='ocrx_word' id='word_1_817' title='bbox 1187 5462 1289 5513; x_wconf 78' lang='lat' dir='ltr'>estas:</span> <span class='ocrx_word' id='word_1_818' title='bbox 1303 5454 1348 5512; x_wconf 84' lang='lat' dir='ltr'>iia</span> <span class='ocrx_word' id='word_1_819' title='bbox 1362 5461 1390 5514; x_wconf 88' lang='lat' dir='ltr'>et</span> <span class='ocrx_word' id='word_1_820' title='bbox 1408 5469 1458 5512; x_wconf 82' lang='lat' dir='ltr'>ros</span> <span class='ocrx_word' id='word_1_821' title='bbox 1472 5469 1540 5510; x_wconf 84' lang='lat' dir='ltr'>cam</span> <span class='ocrx_word' id='word_1_822' title='bbox 1554 5453 1694 5512; x_wconf 82' lang='lat' dir='ltr'>sideritis</span> <span class='ocrx_word' id='word_1_823' title='bbox 1709 5456 1775 5513; x_wconf 67' lang='lat' dir='ltr'>aee</span> <span class='ocrx_word' id='word_1_824' title='bbox 1784 5455 1852 5528; x_wconf 66' lang='lat' dir='ltr'>fini,</span> 
     </span>
     <span class='ocr_line' id='line_1_123' title="bbox 1029 5542 1853 5618; baseline 0 -15"><span class='ocrx_word' id='word_1_825' title='bbox 1029 5547 1134 5604; x_wconf 76' lang='lat' dir='ltr'>edicte</span> <span class='ocrx_word' id='word_1_826' title='bbox 1147 5544 1289 5618; x_wconf 81' lang='lat' dir='ltr'>qnoniam</span> <span class='ocrx_word' id='word_1_827' title='bbox 1300 5558 1395 5615; x_wconf 88' lang='lat' dir='ltr'>prope</span> <span class='ocrx_word' id='word_1_828' title='bbox 1405 5548 1448 5601; x_wconf 87' lang='lat' dir='ltr'>est</span> <span class='ocrx_word' id='word_1_829' title='bbox 1462 5557 1589 5614; x_wconf 76' lang='lat' dir='ltr'>reanum</span> <span class='ocrx_word' id='word_1_830' title='bbox 1603 5542 1672 5603; x_wconf 76' lang='lat' dir='ltr'>liei</span> <span class='ocrx_word' id='word_1_831' title='bbox 1692 5544 1771 5603; x_wconf 82' lang='lat' dir='ltr'>Cam</span> <span class='ocrx_word' id='word_1_832' title='bbox 1789 5558 1853 5615; x_wconf 79' lang='lat' dir='ltr'>erm</span> 
     </span>
     <span class='ocr_line' id='line_1_124' title="bbox 1030 5631 1853 5709; baseline 0 -15"><span class='ocrx_word' id='word_1_833' title='bbox 1030 5633 1113 5703; x_wconf 88' lang='lat' dir='ltr'>dicit,</span> <span class='ocrx_word' id='word_1_834' title='bbox 1127 5633 1201 5699; x_wconf 75' lang='lat' dir='ltr'>cnm</span> <span class='ocrx_word' id='word_1_835' title='bbox 1210 5633 1345 5692; x_wconf 85' lang='lat' dir='ltr'>videritis</span> <span class='ocrx_word' id='word_1_836' title='bbox 1354 5631 1418 5691; x_wconf 75' lang='lat' dir='ltr'>bec</span> <span class='ocrx_word' id='word_1_837' title='bbox 1425 5631 1591 5707; x_wconf 72' lang='lat' dir='ltr'>tieri5qass</span> <span class='ocrx_word' id='word_1_838' title='bbox 1601 5632 1853 5709; x_wconf 68' lang='lat' dir='ltr'>intelbperepote</span> 
     </span>
    </p>
   </div>
   <div class='ocr_carea' id='block_1_11' title="bbox 0 0 1996 6128">
    <p class='ocr_par' dir='ltr' id='par_1_12' title="bbox 0 0 1996 6128">
     <span class='ocr_line' id='line_1_125' title="bbox 0 0 1996 6128; baseline 0 0"><span class='ocrx_word' id='word_1_839' title='bbox 0 0 1996 6128; x_wconf 95' lang='lat' dir='ltr'> </span> 
     </span>
    </p>
   </div>
  </div>
 </body>
</html>
