3952 6128
205 196 259 254 aaa
851 191 884 252 s.
898 172 1096 249 eueusrtlu
1109 178 1272 245 urucam
1862 180 1921 246 aas

201 314 246 382 ter
258 320 335 394 fleri,
348 322 488 380 immuunt
499 318 531 378 ia
545 318 734 379 tentationem
747 322 776 378 et
789 318 925 395 laqueum
937 321 966 375 et
979 313 1030 372 de·
1083 310 1234 369 dicimus:
1253 313 1347 371 Unam
1359 310 1464 383 petita
1482 309 1620 380 Domino,
1640 310 1720 370 ione
1738 312 1893 385 mqairam
1909 330 1921 381 ,·

203 412 313 470 sideria
326 413 421 467 matta
434 410 528 467 stulta
543 414 571 466 et
587 410 689 475 raaia,
703 422 769 484 que
789 412 926 481 marpaot
940 403 1031 461 bomi-
1083 404 1116 458 at
1131 400 1259 459 latitem
1273 402 1304 458 iu
1320 401 1407 458 domo
1425 401 1543 457 iiamiai
1559 414 1657 459 omues
1670 402 1734 459 ttiee
1749 403 1816 459 aitte
1830 414 1922 476 meer,·

202 516 254 559 nes
262 499 452 556 ininteritam
460 505 487 555 et
498 495 1029 569 perditionemitadixeaimomnium
1082 490 1920 561 uteontempteraetematioaemttei,saeuitemtemptum

203 590 351 645 maloram
364 589 406 644 eet
418 586 574 657 auaritia,·
589 601 679 658 qaam
692 585 816 659 quidum
829 587 998 654 appetentes
1011 596 1030 638 a
1082 580 1146 651 ejus
1160 579 1252 653 (Psat.
1268 595 1346 648 xxm,
1362 577 1416 652 ill
1434 580 1477 635 lbi
1498 594 1631 652 namque
1645 594 1752 637 omnes
1770 580 1837 638 dies
1856 596 1921 639 non

202 677 262 747 ilde
276 682 465 742 erraverant,
475 681 501 732 et
513 677 703 732 inseruerunt
719 689 750 731 ee
762 672 916 731 datoribus
928 669 1031 727 mattis
1083 668 1230 725 veniendo
1249 675 1277 726 et
1292 668 1477 725 transeundo
1492 667 1569 724 liunt
1583 683 1703 740 amnes,
1723 683 1779 726 neo
1797 669 1920 727 initium

203 764 226 839 (t
240 766 313 824 iim.
328 781 366 835 m,
384 766 461 838 cto)
476 764 939 835 :hancergaeullicientiamnon
950 759 1032 817 iude·
1084 757 1205 815 alterius
1224 762 1270 814 eet
1289 756 1357 814 linis
1373 757 1495 814 alterius
1511 771 1518 823 ς
1542 772 1649 814 omnes
1670 756 1734 814 sine
1749 756 1812 814 lina
1828 756 1923 816 simul

203 858 305 913 center
316 854 389 921 vult,
400 854 537 928 quisquis
549 853 623 920 ruit,
638 869 692 910 nec
708 852 839 926 amplius
856 851 937 917 vult;
958 849 1033 907 alia-
1085 851 1167 912 eunt,
1183 846 1234 903 ubi
1254 847 1385 918 necipsa
1396 846 1455 904 vita
1469 845 1770 920 hebetflnemcujus
1792 847 1834 904 iili
1854 849 1922 905 dies

204 944 277 1019 quin
292 958 353 1001 non
367 944 467 1015 ipsam
483 942 554 1011 vult,
579 942 691 999 etideo
714 956 769 998 nec
799 941 939 997 decenter
958 937 1030 994 vult.
1084 940 1163 991 eunt.
1184 937 1305 1011 Propter
1328 934 1408 992 banc
1427 934 1655 1008 adipiscendem
1678 937 1770 993 vitam
1796 936 1922 994 beamm

203 1032 288 1090 Hanc
308 1031 433 1105 aptabat
465 1037 493 1088 et
515 1030 646 1103 probae
673 1029 780 1086 orabat
806 1029 858 1103 qui
886 1025 1032 1084 dicebat:
1084 1020 1314 1096 ipsaveravita
1326 1024 1480 1082 beataum
1496 1024 1779 1090 oraredoauit,nou
1794 1026 1824 1083 in
1846 1026 1924 1084 mul·

204 1120 330 1178 Diuitias
340 1126 368 1178 et
379 1125 590 1191 paupertatem
605 1133 642 1176 me
651 1117 767 1175 dederis
776 1116 852 1174 miili
863 1139 873 1187 ,·
888 1115 1034 1173 constitue
1084 1111 1220 1185 tiloquio,
1236 1118 1380 1186 tanquam
1400 1128 1436 1170 aa
1456 1112 1508 1169 ilat
1529 1117 1559 1170 ut
1578 1114 1776 1171 exaudiemur
1796 1127 1859 1188 quc
1878 1114 1922 1171 lo·

205 1216 304 1268 autem
318 1209 393 1266 mibi
403 1222 469 1282 qua
478 1206 646 1266 necessaria
656 1213 724 1263 aaut
747 1206 981 1276 saracenicam
996 1217 1034 1262 ae
1084 1204 1241 1275 quaciores
1253 1218 1367 1268 sumus,
1381 1218 1451 1260 cum
1461 1218 1531 1259 eum
1541 1218 1663 1259 oremus
1675 1204 1726 1275 qui
1738 1204 1832 1271 novit,
1845 1203 1924 1261 sicut

203 1299 330 1357 satiatas
343 1298 475 1356 mendax
486 1296 611 1367 efficiar,
622 1301 650 1354 et
660 1295 770 1361 dicam,
783 1294 852 1364 Quis
861 1307 907 1350 me
926 1292 1004 1350 uidet
1018 1292 1033 1350 i
1085 1289 1149 1362 ipse
1161 1290 1304 1348 Dominus
1317 1291 1449 1366 aliquid
1458 1291 1813 1365 nobisneceseariumsit‚
1822 1294 1922 1365 prius·

203 1393 257 1447 aut
280 1402 398 1458 pauper
407 1387 510 1458 sactus
529 1386 628 1457 farer,
642 1391 669 1442 et
691 1385 845 1455 perjurem
859 1396 964 1439 momen
978 1381 1035 1438 Del
1084 1394 1178 1451 quam
1195 1385 1332 1453 petemus
1346 1382 1386 1438 ab
1401 1396 1437 1439 ao
1449 1382 1572 1453 (Metti.
1587 1384 1696 1453 er,‘t,8).
1711 1380 1794 1440 liudo
1808 1385 1922 1440 mirum

203 1469 1032 1549 mei(Prae.xxx,a‚a).vtdescertsettstemsufficientiam
1084 1468 1178 1526 videri
1197 1475 1305 1544 potest,
1325 1471 1465 1544 quamvis
1478 1469 1700 1544 multiloquium
1721 1470 1923 1543 prohibuerit,

203 1578 265 1623 non
283 1566 382 1639 appeti
402 1568 524 1637 propter
535 1562 677 1636 seipsam,
699 1561 752 1619 sed
765 1565 886 1634 propter
905 1557 1033 1617 salutem
1086 1570 1139 1614 cur
1157 1574 1213 1614 aas
1233 1559 1275 1614 sic
1294 1573 1380 1616 orare
1399 1559 1575 1617 adhortatus
1594 1560 1641 1625 slt,
1662 1558 1714 1632 qui
1733 1560 1818 1617 novit
1845 1559 1924 1634 quid

203 1654 350 1726 corporis,
361 1659 389 1708 et
399 1655 615 1723 congruentem
626 1651 764 1708 habitum
787 1663 925 1722 persona
938 1647 1034 1705 bomi-
1085 1645 1173 1703 nabis
1188 1648 1392 1706 neceesarium
1406 1648 1453 1714 sit,
1469 1648 1648 1722 priusquam
1662 1653 1801 1720 petenma
1815 1650 1857 1706 ab
1873 1664 1922 1719 ec,

203 1741 260 1807 nis,
274 1757 336 1815 qua
348 1739 452 1798 habitu
465 1756 526 1798 uon
542 1740 580 1796 sit
594 1738 809 1797 inconvenieus
829 1736 871 1795 eis
886 1752 956 1793 cum
968 1736 1034 1810 qui·
1085 1741 1117 1791 ut
1136 1734 1255 1802 diceret,
1273 1736 1395 1805 Oportet
1408 1751 1631 1807 tempererare,
1651 1742 1679 1796 et
1697 1752 1753 1794 aaa
1769 1737 1923 1809 defleam

203 1829 262 1887 bus
274 1830 400 1887 honeste
414 1828 608 1902 officioseque
623 1826 789 1884 vivendum
810 1833 863 1883 est.
1087 1824 1184 1882 vidum
1201 1825 1359 1897 cuiusdam
1375 1826 1528 1901 proposito
1545 1826 1694 1899 exemplo,
1713 1842 1783 1900 quae
1802 1826 1842 1884 de
1866 1842 1923 1885 sua

239 1918 320 1975 l3.in
338 1918 384 1975 his
397 1917 648 1991 itaqueomnibus
660 1915 854 1974 incolumitas
865 1912 1033 1972 hominiset
1086 1912 1259 1972 adversario
1278 1916 1402 1987 cupiens
1430 1916 1585 1984 vindicari,
1612 1915 1748 1988 judicem
1781 1915 1921 1990 iniquum

203 2006 754 2081 amicitiaproptersaipsaappetuntur
765 2002 1034 2072 ;suiilcientiavero
1085 2014 1165 2075 sape
1180 2003 1398 2075 interpellando
1411 2003 1493 2061 flexit
1506 2005 1545 2061 ad
1562 2004 1759 2070 audiendum,
1777 2019 1840 2061 nou
1856 2004 1921 2077 Jus-

203 2092 893 2168 rerumneceesariarumnonpropterseipeam,
906 2090 1034 2162 sedpra·
1086 2092 1150 2148 titia
1165 2092 1209 2147 vel
1226 2092 1427 2151 misericordia
1443 2099 1623 2166 permotum,
1645 2094 1699 2150 sed
1717 2092 1812 2150 taedio
1830 2108 1924 2166 supe·

202 2179 1035 2260 ptarduosuparioraquaerisalet,cumdecenterquari·
1086 2184 1184 2237 ratam
1200 2196 1206 2236 :
1225 2182 1336 2239 uthina
1355 2183 1599 2249 admoneremur,
1620 2196 1713 2255 qnam
1733 2183 1847 2239 certius
1866 2196 1922 2241 aas

150 2283 152 2286 ’
201 2277 260 2333 tur.
276 2273 469 2330 incolumitas
482 2287 572 2346 porro
584 2271 772 2344 inipsavita,
785 2269 1034 2341 ecsaiute,atqua
1085 2268 1227 2327 exaudiat
1241 2271 1409 2328 misericors
1428 2277 1458 2327 et
1474 2272 1575 2345 iustus
1597 2272 1740 2329 Dominus
1760 2274 1837 2328 bene
1858 2272 1922 2329 eine

202 2360 370 2434 integritate
381 2361 474 2419 animi
486 2366 515 2417 et
524 2361 659 2432 corporis
671 2361 890 2417 constituisset.
901 2358 1034 2430 itemque
1086 2357 1306 2416 intermissione
1316 2365 1447 2429 orantes,
1459 2361 1583 2434 quando
1594 2360 1643 2418 illa
1655 2375 1710 2417 nec
1721 2360 1761 2417 ab
1775 2361 1882 2433 iniquo
1894 2364 1922 2417 et

202 2451 335 2509 amicitia
347 2466 406 2506 non
418 2450 555 2520 angustis
568 2448 680 2506 tinibus
690 2447 882 2505 terminanda
895 2449 940 2503 eet
950 2461 957 2502 :
968 2460 1034 2502 am·
1086 2445 1180 2519 impio
1188 2448 1286 2520 judice
1301 2449 1395 2521 potuit
1404 2450 1528 2508 assidua
1538 2449 1779 2520 interpellatione
1787 2455 1922 2506 cuntem·

203 2554 257 2597 nes
266 2538 347 2596 enim
359 2536 470 2612 quibus
482 2553 569 2595 emor
583 2541 611 2594 et
622 2536 742 2593 ditectio
755 2535 888 2601 debatur,
903 2533 1035 2607 amplec-
1088 2536 1118 2592 ni
1130 2546 1168 2603 ;et
1183 2552 1275 2609 quam
1292 2536 1389 2594 libens
1403 2542 1495 2612 atque
1509 2538 1647 2611 placatus
1668 2539 1750 2595 baua
1767 2537 1921 2597 desideria

201 2627 282 2697 titur,
296 2625 439 2702 quamvis
452 2626 482 2683 in
496 2625 570 2682 alios
582 2624 810 2699 propensiue,in
822 2623 895 2680 alios
911 2637 1034 2696 suspen·
1086 2623 1919 2701 tmpleateorum,aquibusalienapeccatanovltignceoi,

203 2716 265 2772 eius
278 2714 453 2787 inclinetur;
464 2714 600 2787 pervenit
609 2718 710 2770 eutem
721 2728 818 2786 usque
831 2712 871 2769 ad
883 2710 1035 2775 inimicae.
1088 2712 1112 2770 si
1131 2728 1193 2787 qua
1207 2715 1347 2786 cupiebat
1359 2715 1412 2774 illa
1432 2716 1566 2788 pervenit
1580 2733 1649 2791 quas
1668 2716 1762 2774 voluit
1776 2715 1924 2775 vindicari

203 2818 258 2877 pro
272 2802 384 2877 quibus
399 2803 492 2860 etiam
507 2818 592 2859 orare
608 2803 809 2876 precipimur.
827 2805 870 2858 lla
883 2815 973 2859 namo
993 2803 1037 2857 est
1089 2803 1170 2875 (Luc.
1192 2818 1272 2871 xviri,
1295 2806 1360 2877 t-e).
1380 2804 1431 2861 llle
1450 2820 1572 2879 quoque
1591 2805 1638 2862 cul
1667 2806 1784 2863 amicus
1812 2806 1852 2861 de
1876 2805 1924 2862 ria

203 2891 235 2951 in
248 2907 356 2964 genere
372 2892 506 2949 humano
522 2892 569 2948 cui
585 2907 645 2948 uon
662 2891 789 2959 dilectio,
817 2890 870 2948 etei
894 2904 955 2947 non
980 2904 1036 2963 pro
1089 2896 1220 2959 veneral,
1237 2907 1292 2949 nec
1303 2893 1385 2967 quad
1399 2893 1426 2950 el
1436 2899 1600 2967 apponeret
1613 2893 1755 2961 babebat,
1773 2893 1813 2950 ab
1824 2893 1924 2952 amico

203 2986 309 3039 mutua
319 2982 473 3049 charitate,
486 2980 732 3055 proipsatamen
745 2980 916 3039 communie
924 2983 1037 3038 natura
1089 2979 1146 3037 sibl
1161 2984 1219 3037 ires
1240 2995 1333 3053 panes
1352 2983 1478 3056 cupiens
1498 2983 1695 3052 commodari,
1724 2983 1839 3057 quibus
1868 2983 1925 3041 iar·

204 3071 345 3128 societate
360 3069 515 3127 debeatur.
1089 3076 1167 3126 tasse
1186 3069 1252 3142 ipsa
1270 3072 1396 3130 Trinitas
1414 3072 1504 3128 unius
1523 3072 1699 3130 substantiae
1717 3072 1852 3144 figurata
1870 3076 1924 3139 eei,

239 3161 350 3219 CAPUT
365 3160 467 3217 Vll-
480 3160 536 3219 Sed
550 3159 568 3217 ii
581 3175 637 3217 nos
651 3159 779 3216 multum
791 3160 930 3233 justeque
941 3158 1037 3217 delec-
1086 3157 1151 3227 jam
1166 3173 1235 3216 cum
1251 3159 1313 3216 suis
1327 3161 1420 3217 servis
1439 3161 1636 3219 dormientem
1651 3162 1757 3235 petitor
1773 3160 1925 3220 laetantis·

202 3253 277 3317 mut,
292 3266 311 3306 a
325 3248 437 3323 quibus
447 3248 581 3306 vicissim
595 3252 699 3305 sancte
713 3253 853 3323 casteque
872 3248 1036 3319 diligimur.
1091 3248 1186 3305 aimus
1203 3253 1232 3305 et
1247 3248 1476 3307 molestissimus
1491 3251 1640 3319 excitarit,
1657 3250 1818 3309 utdaretei
1831 3264 1927 3324 quaa·

204 3338 263 3396 leta
282 3353 350 3394 cum
364 3337 525 3403 habentur,
542 3344 574 3394 ut
583 3341 749 3402 teneantur,
766 3352 834 3393 cum
854 3341 956 3395 autem
975 3350 1036 3395 uon
1090 3340 1137 3393 tos
1152 3336 1279 3409 solebat,
1298 3338 1395 3409 magis
1415 3344 1443 3396 et
1462 3339 1526 3413 ipse
1545 3340 1669 3397 vitando
1687 3339 1809 3397 tedium
1829 3354 1927 3415 qnam

203 3425 363 3496 habentur,
384 3430 416 3481 ut
433 3424 613 3493 habeantur,
630 3426 780 3482 orandum
793 3430 848 3481 ast.
1090 3425 1331 3484 benevolentiam
1347 3428 1508 3499 cogitando
1522 3445 1529 3486 :
1545 3434 1577 3486 ut
1591 3429 1661 3487 binc
1675 3427 1926 3502 intelligeremus,

244 3513 1037 3588 ti.iloccinetotum,etheeceuntomniaquibusbea·
1091 3515 1927 3591 sidarecogiturquicumdormiat,apetenteexcltatnr

204 3604 242 3659 tte
257 3616 377 3661 summa
389 3603 456 3660 vite
470 3602 643 3674 colligitur?
655 3619 693 3660 an
708 3603 822 3676 aliquid
834 3602 915 3660 aliud
929 3605 1038 3662 veritas
1089 3599 1211 3674 invitus,
1227 3605 1617 3681 quautadeibenignluequl
1627 3606 1926 3675 necdormirenovit,

203 3688 292 3749 docet
306 3690 389 3767 quod
407 3691 454 3748 bis
469 3693 612 3749 omnibus
630 3691 831 3765 praeleraiur‘t
845 3695 920 3750 llam
940 3697 969 3749 et
987 3691 1038 3750 illa
1090 3695 1119 3749 et
1131 3691 1314 3751 dormientes
1333 3710 1387 3752 nas
1405 3696 1511 3754 excitat
1525 3702 1557 3754 ut
1575 3703 1723 3770 petamus.

203 3778 391 3853 sufficientia,
414 3786 442 3839 et
467 3782 534 3854 ipsa
552 3779 754 3846 incolumitas,
775 3781 819 3838 vel
844 3781 967 3855 proprie
989 3782 1035 3838 vel
1129 3783 1169 3838 lb.
1185 3782 1349 3841 Hincestet
1363 3785 1760 3859 iltudzPetiteetaacipietie
1772 3807 1784 3857 ,·
1799 3786 1927 3859 quaerito

202 3869 381 3937 amicorum,
402 3870 549 3943 quamdiu
568 3870 745 3944 temporalis
765 3875 820 3936 est,
839 3885 895 3944 pra
918 3875 1037 3927 eternae
1089 3870 1304 3944 etinvenietis‚·
1323 3874 1443 3943 pulsate
1461 3882 1488 3932 et
1517 3875 1671 3946 aperietur
1700 3874 1794 3933 uobis.
1823 3876 1926 3935 omna

202 3956 273 4016 vitae
287 3956 446 4032 adeptione
460 3959 632 4030 abjicienda
643 3963 706 4016 est:
721 3975 896 4034 quenquam
911 3958 1037 4017 tortasse
1090 3962 1166 4017 euim
1180 3961 1233 4033 qui
1246 3965 1320 4030 petit
1334 3964 1450 4034 accipit,
1467 3971 1493 4021 et
1509 3979 1644 4038 quereus
1663 3965 1785 4031 inuenit,
1805 3969 1834 4022 et
1852 3966 1928 4036 put·

202 4046 713 4119 corpus,auimusvaronnllomado
722 4046 1037 4105 eunuseaistlmaudus
1089 4049 1170 4106 tamti
1182 4051 1343 4120 aperietur.
1357 4052 1420 4108 Aut
1434 4052 1500 4125 qais
1514 4060 1556 4110 est
1571 4067 1609 4111 ea
1621 4052 1701 4110 vobit
1715 4054 1815 4121 bama,
1830 4068 1852 4111 a
1865 4068 1926 4128 quo

204 4138 260 4202 est,
270 4134 320 4207 qul
330 4148 391 4190 non
403 4133 622 4205 temporalibus
634 4139 747 4192 aeterna
760 4136 926 4211 praeponit:
940 4151 1037 4209 neque
1088 4139 1170 4208 fliius
1185 4153 1256 4195 auae
1267 4154 1375 4209 panem
1387 4141 1470 4210 petit,
1487 4142 1633 4215 namquid
1648 4143 1779 4213 lapidem
1790 4143 1926 4217 porrigit

204 4220 321 4278 enimin
335 4226 469 4293 tempore
480 4220 589 4278 utiliter
604 4222 723 4289 vivitur,
739 4223 795 4280 nisi
811 4222 849 4280 ad
860 4238 1038 4299 comperan-
1089 4226 1117 4284 ei
1127 4227 1142 4285 l
1152 4234 1206 4285 aot
1219 4228 1246 4284 ei
1255 4230 1363 4298 piscem
1375 4232 1460 4300 petit,
1471 4230 1784 4304 numquideerpeatem
1792 4234 1926 4306 porripit

204 4308 277 4367 dum
292 4310 430 4366 meritum
445 4324 506 4384 quo
521 4310 551 4367 in
566 4311 731 4368 eternitate
747 4312 873 4369 vivatur.
892 4313 934 4368 ed
953 4312 1036 4370 illam
1089 4315 1157 4373 iiiii
1168 4323 1222 4374 aut
1234 4318 1261 4374 si
1274 4333 1360 4376 auam
1375 4320 1457 4389 petit,
1471 4320 1616 4394 numquid
1637 4321 1766 4391 parripit
1790 4321 1819 4379 ei
1842 4336 1925 4381 emr-

204 4414 276 4472 ergo
291 4413 384 4456 unam
399 4400 502 4467 sitam,
518 4416 579 4474 qua
592 4416 662 4457 cum
679 4400 740 4459 ileo
754 4402 830 4459 eide
842 4402 902 4460 Deo
914 4402 1033 4475 vivitur,
1087 4404 1196 4475 piam?
1210 4406 1245 4464 Si
1253 4421 1322 4477 erpo
1334 4420 1393 4475 aas,
1405 4424 1471 4465 rum
1482 4408 1635 4476 sitismalt,
1649 4412 1740 4466 aretis
1755 4410 1837 4469 bana
1848 4412 1925 4469 data

204 4493 311 4547 catera
320 4504 388 4564 quie
400 4488 507 4546 utiliter
516 4494 543 4546 et
553 4489 694 4548 decenter
704 4495 856 4564 optantur,
869 4492 932 4548 sine
942 4491 1036 4549 dubio
1088 4494 1238 4563 darentiis
1249 4495 1584 4569 cestriaqaantomcpis
1593 4499 1788 4557 Patereeuer
1798 4500 1924 4560 measa

203 4577 360 4637 toleranda
374 4583 453 4636 sunt.
469 4582 500 4636 in
515 4594 552 4637 ec
574 4580 689 4653 quippe
712 4582 912 4655 nosmetipsos
939 4580 1034 4653 dlligi-
1088 4583 1170 4641 dabit
1188 4585 1264 4642 boma
1276 4585 1441 4655 petentibus
1453 4601 1484 4645 ee
1498 4587 1555 4660 (ta.
1572 4604 1610 4653 ιι,
1628 4586 1728 4661 aaut
1748 4588 1824 4646 Cum
1844 4606 1924 4661 ergo

205 4680 283 4736 mue,
301 4666 325 4723 ei
341 4666 434 4724 Deum
449 4667 621 4740 diligimus:
638 4674 712 4727 etex
725 4669 784 4727 alia
801 4676 952 4744 precepto
967 4686 1036 4744 pro·
1087 4674 1255 4730 secundum
1266 4674 1923 4750 triaillequecommeudatipostalue,iidee

203 4755 303 4813 altum
314 4761 432 4814 nostros
442 4758 518 4813 sicut
529 4759 729 4832 nosmetipsos
741 4760 781 4816 ite
793 4776 861 4817 vere
870 4761 1033 4833 diligimus,
1088 4760 1274 4831 significetur
1287 4764 1317 4819 in
1331 4754 1420 4833 pisce,
1442 4765 1483 4820 vel
1500 4771 1622 4838 propter
1634 4780 1747 4839 aquam
1763 4768 1921 4839 baptismi,

204 4844 229 4902 ei
244 4859 297 4901 eos
317 4844 357 4901 ad
378 4845 430 4902 Dei
447 4846 575 4904 similem
599 4845 799 4915 dilectionem,
827 4854 976 4924 quantam
1003 4849 1034 4905 iu
1088 4849 1135 4907 vel
1149 4853 1230 4924 quod
1246 4852 1277 4908 iu
1291 4852 1382 4924 huius
1396 4853 1497 4910 saculi
1511 4853 1652 4911 fluctibus
1666 4854 1781 4926 integra
1792 4862 1861 4925 eet3
1874 4857 1923 4915 ani

202 4932 289 4992 uobis
308 4934 1036 5013 est,perduaamus.iieumigiturdiligimueprop-
1086 4940 1254 4997 contrarius
1268 4947 1315 4998 est
1329 4940 1375 4997 llle
1390 4958 1525 5015 serpeus,
1544 4944 1595 5016 qui
1616 4949 1647 5000 ut
1668 4958 1727 5000 nou
1746 4944 1922 5005 crederetur

201 5023 538 5096 terseipsum,etnosaa
551 5024 705 5096 proximos
719 5030 842 5099 propter
855 5027 966 5099 ipsum:
980 5043 1035 5086 nec
1086 5029 1156 5098 Deo,
1171 5044 1323 5087 venenosa
1337 5031 1442 5089 iraude
1456 5033 1627 5103 persuasit:
1643 5048 1710 5106 spes
1719 5033 1751 5090 lu
1764 5048 1831 5101 aaa,
1846 5034 1921 5110 qaia

201 5124 273 5169 aum
289 5112 329 5169 ita
343 5110 483 5179 sivimus,
497 5112 561 5184 jam
576 5126 633 5168 nos
645 5112 675 5169 in
688 5111 755 5185 ipse
767 5113 855 5173 Meta
872 5116 932 5173 vita
946 5130 1035 5173 cone
1086 5118 1148 5174 vite
1167 5118 1239 5191 pulli
1257 5119 1393 5177 nondum
1413 5125 1467 5184 eet,
1488 5120 1540 5178 sed
1560 5120 1659 5179 lutura
1683 5126 1738 5193 eet,
1767 5136 1825 5181 nec
1852 5124 1919 5199 J'am

202 5198 305 5257 titulae
319 5200 535 5268 existimemus,
549 5201 639 5275 quasi
654 5200 725 5258 nibil
742 5203 779 5259 eit
800 5203 931 5276 amplius
949 5205 1033 5278 quod
1085 5207 1211 5277 videtur,
1226 5208 1278 5267 ead
1293 5206 1393 5266 adhuc
1406 5217 1544 5282 speratur
1556 5226 1564 5276 3
1577 5226 1647 5283 spes
1659 5210 1740 5268 enlm
1753 5226 1825 5284 quae
1837 5214 1924 5271 vide·

201 5298 335 5346 ammas.
351 5289 509 5356 Quomodo
523 5290 603 5347 enim
622 5291 685 5360 iam
699 5290 785 5348 beata
800 5290 940 5360 vivimus,
961 5309 1032 5350 cum
1084 5301 1144 5364 tur,
1155 5310 1215 5355 non
1226 5302 1269 5355 est
1283 5312 1353 5370 epae
1365 5300 1462 5368 (Ram.
1475 5314 1536 5366 rtet,
1550 5302 1597 5367 tl)
1609 5314 1617 5367 ;
1630 5299 1678 5357 oui
1689 5302 1863 5359 contrarius
1874 5306 1920 5359 est

202 5372 276 5432 illud
282 5376 474 5444 adbuodeslt,
483 5379 793 5454 propterquodunum
801 5379 877 5438 bene
883 5381 1033 5443 vivimus?
1085 5386 1229 5460 scorpius,
1241 5387 1386 5460 quoniam
1397 5388 1448 5459 qui
1461 5394 1561 5461 eperat
1573 5393 1716 5445 aternam
1731 5387 1835 5457 eitam
1848 5406 1918 5465 quta

238 5462 355 5522 CAPUT
364 5466 436 5524 Viti.
448 5498 483 5511 -
499 5469 541 5525 to.
553 5467 742 5542 iitquidergc
754 5483 809 5541 per
818 5469 1033 5545 multudisper-
1085 5479 1245 5532 retroeunt
1259 5475 1451 5545 obliviscitur,
1466 5485 1494 5537 et
1506 5478 1535 5533 in
1548 5477 1699 5535 anteriora
1709 5492 1743 5535 ae
1757 5478 1918 5546 extendit3

200 5549 312 5624 gimur,
327 5556 357 5608 et
368 5555 533 5627 querimus
543 5556 945 5631 quidoremus,timentesne
959 5560 1031 5619 iorte
1085 5563 1134 5621 cui
1149 5564 1273 5622 noxiam
1290 5570 1332 5621 est
1347 5571 1425 5623 retro
1437 5564 1585 5639 respicere
1596 5581 1605 5631 ς
1617 5564 1755 5641 scorpius
1765 5572 1870 5641 autem
1880 5582 1920 5627 οι

203 5638 902 5721 elcutuanoportetoremue,aanonpotiuecum
912 5648 1032 5708 Psalmo
1084 5668 1121 5711 ea
1135 5654 1383 5728 partecaveudue
1392 5658 1919 5730 estquemeenepetemeteemes·
