3952 6128
177 216 227 272 1⁰3

177 346 254 397 tanto
269 339 398 412 indiqnus
409 338 507 394 leonore
522 353 562 393 me
575 337 692 409 diqnor,·
705 340 768 409 quio
778 345 803 394 te
817 355 867 410 pro
878 347 926 395 tua
939 356 1000 396 san-

177 432 272 487 atilate
285 436 358 485 certo
376 429 440 493 scio,
453 444 515 482 nam
528 427 643 482 ueritate
656 428 739 498 sapis,
755 445 809 483 non
825 429 883 484 allo
895 445 998 500 supere,

177 521 221 576 sed
245 519 391 574 humilibus
413 532 571 588 cauqruere.
587 516 699 589 Ideoque
721 524 846 589 prompte
864 524 889 572 et
904 518 1000 574 intime

176 616 346 680 recepturam
355 622 432 677 spero
445 605 607 662 cbaritolem
617 605 781 662 humilitatis
793 615 901 671 nostra,
921 624 1000 678 quam

174 698 279 772 quidem
302 697 361 769 jam
385 697 515 767 recepisse
531 701 554 751 le
574 712 624 767 per
638 695 821 752 beatissimum
839 695 1000 752 sacerdotem

175 785 305 858 dippium
326 785 403 856 (quia
421 785 563 856 diqnatur)
580 791 684 856 patrem
703 792 835 852 nostrum,
848 784 958 856 confido.
973 784 1000 841 ls

174 875 247 932 enim
258 876 316 930 siue
326 873 407 930 dnbio
426 873 458 930 de
476 891 503 929 se
517 874 568 929 tibi
579 875 729 945 exemplum
742 874 859 946 prebuit
873 891 919 930 not
938 881 1001 930 onte

174 964 305 1021 notitiam
316 970 340 1019 et
350 980 434 1033 supro
446 963 575 1019 meritum
583 963 780 1034 diliqendi,qui
791 964 938 1035 incoquitur
947 963 1001 1018 sibi

174 1070 232 1120 nos,
249 1061 273 1108 et
289 1054 434 1125 lonqs'nqua
447 1053 501 1108 soli
511 1053 550 1107 cel
561 1053 613 1107 suli
624 1053 826 1125 intercapedine
834 1053 999 1124 disparatos,

174 1143 280 1215 spiritu
292 1159 361 1197 nera
373 1142 535 1206 dilectionis,
543 1143 590 1213 qui
600 1142 695 1212 ubique
708 1148 732 1197 et
740 1148 863 1213 penetrat
878 1149 903 1197 et
912 1141 999 1210 effun-

175 1231 264 1296 ditur,
283 1239 308 1287 et
323 1231 412 1286 nidere
426 1230 561 1301 diliqendo
571 1231 671 1301 poluit,
685 1237 709 1285 et
724 1231 883 1302 alloquendo
895 1232 1000 1302 pertin·

174 1337 245 1392 perc.
262 1319 316 1374 liic
325 1318 401 1375 nolu
413 1318 506 1390 prima
518 1319 633 1388 affectus
646 1320 690 1375 sai
700 1319 897 1386 documenta,et
909 1319 1001 1374 cbari-

175 1410 241 1465 tatis
253 1417 307 1466 tute
315 1411 431 1482 pe'qnora
446 1409 475 1463 in
487 1408 646 1479 supradicto
657 1409 737 1480 diqno
749 1425 858 1464 munere
867 1408 1000 1464 librorum

175 1498 259 1554 dedit.
275 1500 312 1554 Et
322 1505 421 1569 quanto
429 1498 538 1553 studuit
545 1498 690 1568 impendio,
701 1505 731 1553 ut
742 1498 917 1554 Sanctr'tatem
925 1505 1000 1553 tuom

174 1603 228 1643 non
248 1588 333 1652 ipsius
347 1592 453 1642 tantum
463 1587 564 1651 uerbis,
575 1586 620 1642 sed
630 1587 739 1658 pleniter
751 1587 902 1659 eloquentia
912 1594 936 1642 et
948 1586 1000 1657 fide

174 1683 223 1732 tua
235 1678 427 1748 coquitumuon
437 1692 666 1747 possemusomare
679 1676 851 1731 mediocriter
861 1683 999 1746 tantopere

174 1783 282 1823 curasse
295 1765 413 1821 eumdem
425 1766 568 1831 credimus,
578 1773 608 1821 ut
624 1782 669 1821 nos
683 1767 801 1821 uicissim
808 1766 896 1837 ipsius
907 1766 1000 1821 imita-

175 1857 247 1912 tione
260 1855 409 1928 plurimum
427 1855 537 1927 diliqus.
561 1855 659 1911 Gratia
675 1855 727 1910 Dei
740 1863 835 1922 tecum,
858 1862 888 1911 ut
900 1862 947 1921 est,
968 1856 999 1909 in

175 1952 307 2003 aeteruum
321 1952 427 2001 moneat
446 1952 578 2015 optamus,
593 1944 684 2015 trater
709 1945 738 1999 in
755 1944 865 2001 Cbrr'sto
880 1946 999 2003 Domino

174 2033 491 2101 unanimeoenerubilis,
508 2032 773 2090 desiderantissime:
790 2041 871 2089 totam
881 2033 997 2099 domum,

175 2130 200 2180 el
212 2140 315 2180 omnem
328 2124 462 2189 comitem,
478 2130 503 2177 et
526 2123 713 2178 aemulatorem
724 2124 754 2178 in
767 2122 882 2179 Domino
899 2124 999 2179 sancti·

175 2215 242 2270 tatis
255 2217 308 2268 lum
318 2212 439 2283 plurimo
448 2212 637 2282 fraternitatis
651 2211 946 2268 unanimtesolulomus
956 2211 998 2283 as·

175 2302 258 2374 secta.
272 2302 374 2357 Panem
388 2317 483 2366 unum,
499 2317 575 2372 quem
593 2302 789 2356 unanimitatis
805 2301 910 2356 indicio
922 2302 998 2357 misi-

174 2407 234 2448 mtts
245 2391 378 2447 enaritate
397 2399 461 2455 tua,
474 2407 600 2461 roqomus
617 2390 772 2461 accipiendo
791 2390 936 2446 benedicas.

417 2506 582 2563 uetsrotu
594 2506 673 2562 xxvt
687 2509 696 2528 ·
708 2506 758 2579 (a).

176 2613 347 2686 Auqustinus
373 2613 525 2669 licentium
545 2614 673 2685 juvenem
705 2613 819 2670 nobilem
840 2622 865 2670 et
883 2615 998 2681 doctum,

213 2704 347 2777 quondam
359 2702 628 2774 ipsiasdiscipnlum,
644 2704 773 2759 bortatur
781 2703 818 2758 od
828 2704 1000 2760 mundicam-

211 2801 351 2867 tcmptnm,
370 2793 482 2848 abutens
504 2792 538 2847 od
563 2792 611 2848 boc
632 2794 718 2864 apcius
737 2793 855 2850 dicentii
868 2796 997 2862 carmine,

209 2883 278 2958 quod
289 2883 328 2938 ad
339 2889 527 2955 preceptorem
540 2882 695 2953 scripserat.

424 3015 548 3055 utcsartn
573 3015 749 3056 AUGUS'HNUS.

213 3139 237 3190 t.
246 3133 301 3190 Vix
310 3133 404 3206 reperi
416 3131 609 3189 occasionem
619 3133 767 3189 scribendi
779 3133 831 3190 tibi
846 3150 853 3200 ;
865 3134 999 3206 quiscre·

173 3223 247 3282 dall
262 3223 319 3280 Sed
333 3221 996 3280 mihitamcnbibentiumnecesseestcredere.

173 3312 287 3370 Nalote
310 3327 416 3367 causas
439 3311 629 3383 rationesque
654 3311 765 3377 rimari,
786 3328 855 3385 qute
882 3313 996 3369 etiamsi

173 3402 257 3459 reddi
273 3405 406 3474 possent,
427 3399 498 3454 fidei
513 3403 625 3466 tamen,
641 3417 702 3472 qua
719 3401 791 3456 mibi
811 3402 920 3467 credis,
936 3418 996 3458 non

173 3507 226 3548 ens
245 3489 352 3546 debeo.
364 3489 439 3544 Nam
450 3494 478 3543 et
488 3487 599 3544 litteras
608 3493 673 3544 tuas
683 3505 742 3545 uon
755 3505 807 3561 per
819 3506 870 3546 aas
880 3491 992 3562 accepi,

173 3595 227 3653 per
241 3594 319 3651 quos
334 3592 457 3650 possem
480 3577 589 3650 scripta
611 3576 776 3634 redhibere,
802 3578 873 3647 Quas
898 3587 997 3637 aulem

172 3667 272 3742 petisti
292 3673 323 3723 ut
337 3672 479 3740 peterem,
500 3666 602 3723 curavi
615 3683 667 3738 per
679 3668 835 3740 epistolam
849 3676 997 3742 quantum

172 3756 374 3832 promendum
397 3759 403 3791 ¹
430 3754 604 3827 videbatur;
628 3758 680 3812 ssd
708 3757 778 3830 quid
795 3758 943 3816 effecerim
966 3765 997 3815 tu

171 3846 292 3904 videris.
318 3845 404 3912 Quod
428 3845 607 3901 sinendum
634 3845 769 3903 effectum
792 3853 847 3913 est,
863 3849 908 3904 vel
928 3865 995 3904 curu

172 3935 275 4004 sciero,
294 3951 383 4006 agam
408 3935 580 3998 instantius,
597 3934 640 3990 uel
660 3952 728 3991 cum
749 3953 853 3992 rursus
868 3938 931 4010 ipse
946 3936 998 3993 ad·

170 4024 998 4098 monueris.Hactenusqtttehujusritaevinculaperstre·

171 4118 257 4188 punt,
275 4119 371 4169 tecum
387 4112 503 4167 locutus
522 4114 596 4167 sim:
614 4128 694 4168 nttuc
709 4115 920 4187 pauoisaccipu
932 4133 997 4188 pec-

172 4203 243 4260 toris
258 4203 315 4257 mei
333 4207 425 4257 mettis
450 4200 488 4257 de
512 4216 565 4272 spe
582 4205 633 4257 tua
650 4217 710 4257 nou
729 4204 907 4272 transitoria,
920 4221 997 4279 quo·

171 4307 243 4348 nnm
259 4289 351 4346 modo
366 4289 414 4345 via
427 4289 476 4343 tibi
496 4294 628 4361 patescat
639 4291 668 4344 in
685 4291 788 4346 Deum.

205 4384 232 4436 t.
251 4378 421 4444 tribuenti,
442 4377 532 4434 etism
552 4383 643 4451 atque
659 4380 748 4436 aliam
766 4389 953 4439 recusantem
969 4390 996 4440 at

173 4468 383 4526 formidantem
399 4466 560 4538 compedes
576 4468 734 4539 sapientise,
750 4471 840 4526 timeo
860 4476 888 4527 te
906 4472 997 4528 rebus

170 4556 810 4629 mortalibusralidissimeetperniciosissime
825 4561 994 4633 compediri.

174 4646 487 4718 Namsapientittquos
497 4644 811 4718 primoalligaverit,et
824 4650 996 4707 exercitato-

172 4733 994 4813 riisquibusdumlaboribusedmuuerit‚solvitpostea¹,

171 4822 761 4895 liberulisqnesesedonaladfruendum;
773 4834 801 4884 et
813 4844 890 4900 quos
898 4832 995 4902 primo

173 4911 390 4986 temporalibus
401 4910 526 4967 nexibus
541 4913 710 4983 erudiverit,
726 4922 793 4987 post
808 4919 995 4977 eternisam·

171 5003 307 5077 plexibus
320 5000 421 5073 alligat
435 5016 512 5073 ;quo
521 5001 640 5057 vinculo
652 5005 875 5075 ascincundius
885 5026 939 5066 nec
950 5027 983 5067 so

198 5181 282 5229 ¹biss.
300 5184 363 5235 tres,
378 5180 521 5242 petendum.
542 5178 728 5244 hliipleriquo,
738 5187 915 5245 promendum.

115 5261 119 5268 ,
199 5242 283 5313 ¹biss.
298 5242 511 5306 quatuordecim,
528 5241 608 5291 solvet
619 5250 748 5306 postem...
767 5250 928 5311 amplexibus
938 5253 995 5302 olli·

169 5301 298 5415 Wbbbauc
311 5366 514 5416 emendavimus
538 5380 588 5429 ope
602 5366 668 5419 Cdd.
683 5383 708 5418 a.
733 5369 777 5434 bg.
793 5370 829 5420 bl.
848 5372 893 5422 bn.
911 5389 933 5425 c.
956 5391 993 5427 cc.

169 5426 197 5476 ii.
215 5440 241 5489 g.
267 5441 311 5491 gv.
326 5426 382 5538 lb!
401 5441 430 5477 n.
454 5442 477 5479 r.
497 5433 580 5478 s.sb.
611 5434 632 5484 t.
661 5445 700 5480 vc.
718 5431 942 5499 vd.quinquev.
969 5442 996 5489 ct

169 5489 229 5539 Διιι.
246 5487 311 5542 bad.
351 5503 371 5538 r.
384 5489 447 5539 Lor.

202 5551 319 5625 lo)htins
334 5552 364 5600 39
377 5565 383 5599 t
395 5566 454 5615 qum
475 5557 564 5603 auteur
580 5555 610 5626 ‚²⁶
634 5559 700 5612 erat,
720 5571 791 5608 nunc
815 5561 869 5609 tta.
892 5562 996 5628 Scripta

166 5617 237 5675 torte
251 5617 360 5665 ineunte
374 5626 418 5664 sn.
440 5616 495 5672 aab,
514 5618 540 5665 nt
553 5629 636 5668 mssa
648 5632 710 5668 cum
730 5621 844 5685 epistola
858 5630 995 5689 aequente.

815 212 848 270 S.
869 212 1061 271 AUGUSTlNI
1081 212 1241 272 EPISCOPl

1831 221 1883 278 tat

1054 339 1885 418 lidiuscogitariquidquampotestrPrimabaeoaliquan·

1055 427 1149 485 lulum
1165 429 1311 486 duraesse
1325 430 1469 486 confiteor
1485 430 1624 497 ;illarero
1632 432 1736 488 ultima
1744 434 1884 490 uecdura

1054 516 1271 590 dixerim,quia
1281 518 1532 576 dulcissimasunt
1544 536 1616 586 ;nec
1630 520 1820 594 mollia,quia
1835 523 1883 578 tir-

1055 606 1279 679 missima3quid
1299 608 1387 681 igitur
1402 610 1459 665 nisi
1469 608 1551 681 quod
1564 608 1625 666 dici
1639 625 1699 667 non
1711 615 1819 683 potest,
1827 612 1882 669 sed

1054 695 1393 770 creditaruenetsperari
1406 697 1534 754 eiamari
1547 699 1667 770 potest?
1682 700 1883 759 Vinculavnro

1053 783 1255 856 hujusmundi
1270 785 1581 857 asperitatemhabent
1596 802 1696 844 veram
1708 789 1884 860 jucundita-

1056 873 1222 930 temiulsam
1237 880 1363 940 ;certum
1371 873 1670 941 dolorem,incertam
1681 876 1880 949 voluptatem

1054 960 1165 1018 durum
1177 962 1322 1028 laborem,
1343 964 1479 1020 timidam
1501 966 1632 1036 quietem
1649 981 1656 1029 3
1673 981 1736 1022 rem
1757 966 1882 1039 plenam

1056 1051 1883 1123 miserioe,spembeatitudinisinanem.ilisnetuinseris

1054 1145 1083 1195 et
1097 1139 1208 1195 collum
1224 1145 1252 1195 et
1268 1156 1378 1197 manus
1402 1147 1430 1197 et
1456 1141 1557 1213 pedes,
1574 1159 1643 1198 cum
1667 1149 1696 1199 et
1713 1143 1882 1201 honoribus

1054 1227 1265 1299 huJuscemodi
1305 1229 1460 1301 subjugari
1493 1230 1626 1298 affectas,
1660 1238 1687 1287 et
1721 1231 1801 1290 iacta
1831 1238 1881 1291 tua

1055 1330 1115 1371 non
1128 1316 1213 1373 aliter
1232 1317 1385 1374 fructuosa
1398 1319 1559 1385 existimas,
1570 1324 1599 1377 et
1614 1318 1712 1376 ambis
1723 1320 1880 1389 inherere,

1053 1421 1114 1477 quo
1134 1422 1194 1461 non
1212 1406 1303 1462 tiendo
1318 1406 1461 1463 invitatus
1480 1408 1533 1463 sed
1548 1424 1603 1465 nec
1622 1409 1798 1481 compulsus
1810 1410 1881 1483 qui-

1053 1495 1123 1550 dem
1138 1495 1180 1551 ira
1195 1495 1324 1551 debuisti
1338 1495 1352 1551 l
1366 1496 1418 1552 Hic
1438 1501 1468 1552 tu
1484 1496 1611 1554 tortasse
1623 1498 1790 1555 Terentiuni
1802 1499 1881 1556 servi

1054 1583 1127 1640 mibi
1142 1600 1321 1656 responsum
1338 1584 1455 1641 dederis
1472 1602 1479 1641 :

1179 1673 1243 1730 Oba,
1256 1677 1285 1723 tu
1298 1673 1380 1724 verba
1393 1673 1485 1723 tundis
1503 1673 1544 1723 hic
1558 1675 1691 1740 sapientis
1707 1677 1713 1724 t

1395 1753 1546 1815 (Terentius
1563 1755 1591 1803 in
1605 1755 1754 1819 Adelphis.)

1053 1836 1134 1905 Cape
1146 1833 1234 1904 igitur
1251 1838 1281 1890 ut
1296 1833 1424 1890 tundam
1436 1835 1634 1908 potiusquam
1644 1834 1813 1894 effundam.
1824 1840 1882 1893 tut

1052 1923 1076 1978 si
1092 1937 1148 1993 ego
1161 1928 1260 1988 cnuto,
1276 1927 1308 1977 tu
1319 1929 1419 1979 autem
1435 1924 1474 1980 ad
1488 1924 1580 1980 aliam
1595 1925 1814 1994 vocctnsaltas,
1825 1942 1881 1983 nec

1053 2012 1096 2068 sic
1115 2012 1239 2085 quidem
1256 2028 1303 2067 me
1317 2013 1449 2082 poenitet.
1467 2013 1560 2068 ilabet
1578 2013 1658 2069 enim
1676 2029 1762 2070 ettam
1778 2014 1881 2071 hiluri-

1053 2105 1144 2158 latem
1156 2101 1223 2173 ipsa
1236 2101 1379 2171 cantatio,
1402 2103 1492 2157 etiam
1511 2101 1636 2158 eumad
1658 2118 1725 2158 eam
1741 2103 1881 2160 mambra

1052 2205 1114 2247 non
1131 2194 1241 2254 mouet,
1258 2190 1305 2245 cui
1321 2190 1410 2262 plena
1424 2189 1577 2247 charitatis
1594 2190 1795 2248 modulatione
1811 2208 1881 2249 cau·

1054 2283 1140 2336 tatur.
1159 2278 1399 2351 Verbaquaedam
1408 2280 1437 2335 in
1448 2279 1579 2352 epistolis
1587 2281 1699 2337 tuisme
1711 2286 1879 2348 moverunt,

1054 2369 1108 2424 sed
1122 2368 1159 2424 de
1178 2368 1224 2423 his
1245 2373 1381 2439 tractare,
1401 2384 1470 2425 cum
1486 2369 1633 2424 tactorum
1650 2371 1776 2443 vitaque
1790 2370 1880 2427 totius

1054 2461 1111 2514 lua
1126 2474 1198 2515 cura
1213 2463 1370 2530 excoquat,
1385 2457 1519 2530 ineptum
1540 2459 1653 2531 putavi.

1101 2563 1212 2613 Carmen
1229 2564 1266 2624 (a)
1284 2562 1391 2612 bisontii
1406 2563 1440 2612 od
1455 2564 1628 2626 dupustinum
1642 2570 1832 2628 praemiarem.

1085 2644 1108 2692 3.
1123 2645 1244 2693 Arcanum
1261 2643 1379 2693 Varronis
1395 2645 1440 2693 iter
1455 2645 1586 2694 scrutando
1595 2645 1711 2704 profundi

1086 2705 1153 2755 Meus
1166 2705 1247 2760 hehet,
1260 2707 1439 2771 adversamque
1455 2708 1522 2768 tugit
1536 2707 1667 2757 conterrita
1682 2709 1768 2758 lucem.

1085 2767 1134 2817 Nec
1151 2769 1251 2826 mirum,
1266 2766 1329 2832 jacet
1345 2772 1426 2818 omnis
1441 2770 1507 2818 cuim
1524 2784 1651 2819 meacm
1668 2769 1763 2833 legendi

1084 2832 1180 2881 Tenon
1192 2830 1264 2880 dante
1278 2845 1388 2888 manum,
1405 2840 1429 2880 et
1444 2845 1591 2896 consurgere
1606 2831 1658 2881 sola
1670 2843 1778 2884 versem.

1085 2893 1148 2941 Nam
1161 2895 1232 2943 simut
1249 2902 1275 2942 ut
1290 2896 1406 2957 perplexa
1416 2895 1463 2943 virt
1475 2894 1617 2958 compendia
1630 2896 1694 2944 tanti

1086 2955 1192 3006 Volvers
1202 2956 1278 3004 suasit
1290 2969 1369 3013 amor,
1385 2970 1517 3020 sacrosque
1533 2959 1654 3017 attinuere
1665 2970 1762 3015 seusus,

1084 3017 1147 3078 Quis
1160 3019 1290 3067 numerum
1305 3019 1372 3069 debit
1387 3020 1430 3069 ille
1445 3026 1523 3075 tonos,
1540 3019 1709 3084 ruuudumque
1723 3021 1835 3072 meando

1085 3080 1203 3129 Disseruit
1215 3094 1309 3137 canere,
1328 3090 1353 3130 et
1367 3082 1455 3145 pariles
1470 3082 1561 3145 aptare
1572 3082 1682 3139 choreus,

1084 3141 1120 3191 lm
1141 3142 1209 3192 licuit
1223 3143 1294 3192 raris
1308 3151 1421 3193 nostrum
1435 3144 1537 3208 mliqine
1554 3152 1645 3207 pectus,

1084 3157 1235 3270 laborisque
1252 3205 1335 3255 animo
1350 3219 1429 3256 rerum
1448 3207 1564 3256 violentia
1578 3205 1678 3256 nubem.

1083 3267 1143 3317 lude
1159 3266 1292 3331 figurarum
1304 3267 1398 3342 positas
1414 3270 1468 3317 stne
1479 3268 1583 3333 pulvere
1594 3269 1686 3318 turmas

1084 3329 1159 3379 Posco
1171 3343 1266 3388 amens,
1282 3332 1394 3396 altasque
1404 3345 1490 3393 graves
1503 3329 1601 3381 chundo
1614 3331 1738 3381 tenebras.

1083 3392 1120 3441 tc
1133 3405 1254 3441 summam
1269 3394 1286 3448 ¹,
1303 3403 1424 3442 astrorum
1441 3406 1529 3442 musas
1539 3395 1666 3458 clarosque
1681 3400 1785 3454 mestus,

1083 3452 1206 3503 Obscuros
1217 3469 1324 3514 quorum
1339 3455 1381 3505 ille
1393 3456 1454 3505 situs
1469 3471 1511 3519 per
1520 3454 1605 3506 nubila
1619 3464 1745 3506 erronstrst.

1083 3515 1122 3565 Sic
1132 3518 1198 3580 jacui
1213 3525 1311 3574 numus,
1325 3527 1351 3567 ut
1366 3517 1440 3567 talem
1452 3519 1553 3567 omuino
1565 3519 1670 3575 ruinam,

1083 3575 1132 3627 Nec
1142 3580 1186 3642 qui
1203 3593 1248 3627 nos
1262 3579 1376 3642 prohibet
1390 3579 1499 3629 latebras
1516 3595 1647 3644 agnoscere
1664 3581 1728 3640 stult,

1083 3639 1132 3690 Nec
1150 3655 1254 3704 persona
1271 3642 1340 3692 daret
1354 3644 1492 3692 iunctorum
1507 3643 1567 3692 irato
1580 3644 1698 3693 cavernis.

1083 3703 1171 3753 Protea
1184 3718 1241 3753 narn
1260 3719 1289 3754 ue
1305 3705 1388 3753 ierunt
1398 3713 1508 3755 veterum
1520 3714 1659 3755 commenta
1673 3705 1814 3770 Pelasgum,

1082 3764 1128 3825 out
1145 3766 1204 3815 dum
1218 3718 1331 3815 subtritis
1343 3781 1392 3816 non
1412 3767 1466 3817 vult
1479 3768 1574 3831 aperire
1591 3769 1680 3823 lutura,

1082 3829 1187 3892 spumat
1202 3829 1336 3888 incalluit
1353 3829 1429 3888 undu,
1447 3831 1530 3880 tramit
1546 3831 1594 3890 leo,
1609 3829 1803 3894 sihttstsuquts,

1082 3890 1185 3956 Captum
1197 3891 1330 3955 aliquando
1344 3904 1427 3941 tamon
1439 3893 1464 3941 in
1476 3907 1577 3942 munera
1587 3907 1663 3957 parva
1681 3893 1818 3944 volucrum.

1082 3955 1116 4005 ht
1133 3953 1203 4011 mihi,
1219 3955 1262 4018 qui
1277 3954 1382 4003 nimium
1395 3956 1461 4004 curis
1489 3956 1625 4006 rarioribus
1638 3969 1723 4018 ungor,

1083 4015 1166 4064 Dulcia
1178 4030 1286 4081 quasque
1302 4018 1402 4073 aninum,
1417 4031 1447 4066 su
1484 4019 1545 4067 ulcis
1563 4018 1655 4080 pabula
1667 4031 1764 4083 qumro,

1083 4077 1200 4128 Varronis
1211 4093 1329 4144 responsa
1340 4081 1426 4133 latent,
1443 4079 1515 4139 Quod
1528 4080 1639 4191 supplice
1655 4088 1728 4129 cantu

1082 4140 1230 4190 Presidium
1241 4143 1409 4205 nymphamve
1419 4155 1500 4204 rogem
1517 4150 1541 4192 et
1573 4143 1659 4191 nmina
1674 4142 1797 4206 poscam?

1083 4206 1120 4251 Αιι
1136 4211 1159 4252 te
1174 4217 1232 4253 voce
1250 4218 1342 4259 nomm,
1354 4204 1412 4253 clari
1424 4218 1497 4269 quem
1512 4215 1591 4254 tector
1602 4203 1700 4316 Olympi

1082 4265 1203 4315 Fontibus
1218 4267 1340 4317 intantum
1352 4268 1472 4329 praelusit,
1486 4276 1510 4315 rt
1522 4267 1606 4318 abdita
1615 4267 1694 4331 jusst

1082 4328 1200 4377 Ubertate
1212 4330 1287 4378 animi
1302 4331 1370 4394 louge
1384 4338 1476 4378 ructare
1490 4328 1608 4379 fluenta?

1082 4390 1154 4441 Festo
1169 4393 1282 4454 magister
1291 4406 1371 4454 opem,
1390 4405 1417 4440 ac
1431 4400 1457 4441 tu
1476 4400 1503 4441 tu
1517 4407 1548 4442 ne
1560 4392 1644 4441 desere
1656 4393 1720 4441 vires

1082 4453 1216 4511 invalidas,
1230 4468 1375 4518 mecumque
1392 4467 1474 4504 meras
1486 4454 1628 4504 subvertere
1653 4453 1722 4504 lebes

1081 4517 1164 4590 incipe
1180 4531 1186 4565 :
1201 4525 1296 4578 tompus
1311 4518 1385 4575 enim,
1399 4519 1498 4568 nisime
1510 4517 1622 4568 mortalia
1635 4468 1733 4574 bellant,

1082 4576 1192 4635 Labitur,
1205 4579 1229 4628 in
1247 4581 1395 4643 mniumque
1412 4581 1496 4630 trabit.
1511 4579 1566 4628 Tibi
1581 4588 1664 4629 noster
1680 4579 1771 4642 Apollo

1081 4639 1161 4689 Cordo
1170 4643 1256 4704 replet,
1271 4650 1410 4706 patremque
1424 4657 1498 4692 suum
1513 4651 1655 4705 patremque
1664 4641 1766 4691 deorum

1082 4702 1209 4761 Conciliat,
1222 4704 1350 4768 legemque
1364 4704 1463 4761 bonam,
1474 4718 1608 4769 pacemque
1622 4711 1750 4754 cruentam

1081 4763 1212 4822 Monstrat,
1228 4767 1368 4816 etabducto
1382 4768 1504 4817 velamine
1521 4766 1615 4829 singula
1642 4767 1719 4816 uadit.

1081 4827 1111 4876 Vi
1131 4827 1176 4879 'ntl
1187 4843 1300 4879 emensus
1312 4843 1370 4878 nam
1385 4831 1470 4895 longos
1481 4831 1583 4880 torsiton
1592 4781 1665 4879 orbes

1080 4841 1219 4948 Sabarcas,
1235 4907 1289 4942 curu
1306 4900 1329 4941 te
1344 4894 1409 4942 ratio
1420 4892 1584 4957 pulcherrima
1596 4890 1691 4949 mundi,

1081 4951 1158 5002 Ditior
1170 4953 1288 5018 imperiis,
1298 4964 1322 5004 et
1336 4962 1431 5005 accurs
1445 4955 1540 5005 dulcior
1552 4955 1621 5004 omui

1080 5013 1148 5065 Garri
1167 5017 1213 5072 uit,
1229 5017 1361 5091 statuitque
1371 5032 1468 5082 usqum,
1482 5018 1610 5081 medioque
1621 5017 1718 5072 locavit,

1080 5029 1202 5128 omuibus
1219 5080 1282 5129 unde
1297 5093 1373 5128 actem
1390 5094 1473 5143 posses
1487 5081 1613 5129 intendere
1627 5079 1709 5129 rebus.

1081 5138 1186 5197 libone,
1201 5155 1274 5207 carpo
1289 5143 1333 5191 iter
1347 5156 1478 5198 annorum,
1492 5143 1615 5205 sapt-ntia
1629 5150 1749 5206 quantum

1081 5201 1173 5252 Crescit
1187 5218 1270 5253 umore
1285 5205 1471 5259 satiaverimus
1482 5205 1663 5254 novacultuiua
1675 5217 1780 5268 semper.

1080 5265 1155 5328 Perqe
1168 5266 1233 5315 riam
1248 5280 1298 5330 qua
1313 5275 1336 5316 te
1348 5265 1444 5317 soboles
1459 5267 1574 5328 qsraeclars
1584 5267 1695 5317 tonantis

1080 5327 1205 5384 Psrducit,
1220 5340 1331 5378 sternunt
1346 5329 1371 5376 in
1391 5330 1478 5392 planos
1492 5330 1571 5379 ardua
1585 5342 1694 5391 mmpcs.

1081 5388 1112 5438 Et
1126 5404 1180 5439 eum
1194 5391 1309 5440 lucileros
1319 5392 1452 5455 praecordia
1465 5393 1584 5457 vesperin
1601 5399 1670 5441 ortus

1080 5449 1215 5512 Distulsrit,
1229 5463 1392 5518 sanctumque
1408 5468 1482 5518 super
1498 5455 1652 5505 benedixerit
1663 5453 1751 5517 ignem,

1079 5569 1086 5600 ¹
1104 5567 1168 5616 bins.
1183 5571 1245 5625 tros,
1259 5569 1400 5620 mamam.
1417 5572 1474 5622 Non
1491 5572 1569 5623 male.

1080 5629 1118 5693 (u)
1132 5631 1204 5681 Alius
1221 5632 1341 5697 Epistola
1356 5648 1397 5683 xx.
