<?xml version="1.0" encoding="UTF-8"?>
<!DOCTYPE html PUBLIC "-//W3C//DTD XHTML 1.0 Transitional//EN"
    "http://www.w3.org/TR/xhtml1/DTD/xhtml1-transitional.dtd">
<html xmlns="http://www.w3.org/1999/xhtml" xml:lang="en" lang="en">
 <head>
  <title>
</title>
<meta http-equiv="Content-Type" content="text/html;charset=utf-8" />
  <meta name='ocr-system' content='tesseract 3.04.00' />
  <meta name='ocr-capabilities' content='ocr_page ocr_carea ocr_par ocr_line ocrx_word'/>
</head>
<body>
  <div class='ocr_page' id='page_1' title='image "./patrologiaecurs05saingoog/patrologiaecurs05saingoog_0425.png"; bbox 0 0 3952 6128; ppageno 0'>
   <div class='ocr_carea' id='block_1_1' title="bbox 160 144 214 204">
    <p class='ocr_par' dir='ltr' id='par_1_1' title="bbox 160 144 214 204">
     <span class='ocr_line' id='line_1_1' title="bbox 160 144 214 204; baseline -0.037 0"><span class='ocrx_word' id='word_1_1' title='bbox 160 144 214 204; x_wconf 66' lang='grc'><strong>839</strong></span> 
     </span>
    </p>
   </div>
   <div class='ocr_carea' id='block_1_2' title="bbox 158 262 985 522">
    <p class='ocr_par' dir='ltr' id='par_1_2' title="bbox 158 262 985 522">
     <span class='ocr_line' id='line_1_2' title="bbox 158 262 983 342; baseline -0.01 -16"><span class='ocrx_word' id='word_1_2' title='bbox 158 269 266 342; x_wconf 81' lang='lat' dir='ltr'><strong>possit.</strong></span> <span class='ocrx_word' id='word_1_3' title='bbox 279 272 354 326; x_wconf 90' lang='lat' dir='ltr'><strong>Nam</strong></span> <span class='ocrx_word' id='word_1_4' title='bbox 373 266 470 340; x_wconf 89' lang='lat' dir='ltr'><strong>spatia</strong></span> <span class='ocrx_word' id='word_1_5' title='bbox 487 264 623 321; x_wconf 89' lang='lat' dir='ltr'><strong>locorum</strong></span> <span class='ocrx_word' id='word_1_6' title='bbox 637 262 705 321; x_wconf 91' lang='lat' dir='ltr'><strong>tolle</strong></span> <span class='ocrx_word' id='word_1_7' title='bbox 714 262 902 336; x_wconf 79' lang='lat' dir='ltr'><strong>corporibus,</strong></span> <span class='ocrx_word' id='word_1_8' title='bbox 914 278 983 319; x_wconf 93' lang='lat' dir='ltr'><strong>nus·</strong></span> 
     </span>
     <span class='ocr_line' id='line_1_3' title="bbox 161 350 984 432; baseline -0.01 -15"><span class='ocrx_word' id='word_1_9' title='bbox 161 350 984 432; x_wconf 86' lang='lat' dir='ltr'><strong>quamerunt,etquianusquamerunt,neceruut.Tolle</strong></span> 
     </span>
     <span class='ocr_line' id='line_1_4' title="bbox 161 442 985 522; baseline -0.011 -17"><span class='ocrx_word' id='word_1_10' title='bbox 161 449 229 522; x_wconf 93' lang='lat' dir='ltr'><strong>ipsa</strong></span> <span class='ocrx_word' id='word_1_11' title='bbox 249 462 372 517; x_wconf 89' lang='lat' dir='ltr'><strong>corpora</strong></span> <span class='ocrx_word' id='word_1_12' title='bbox 391 443 585 515; x_wconf 89' lang='lat' dir='ltr'><strong>qualitatihus</strong></span> <span class='ocrx_word' id='word_1_13' title='bbox 604 457 775 514; x_wconf 88' lang='lat' dir='ltr'><strong>corporum,</strong></span> <span class='ocrx_word' id='word_1_14' title='bbox 791 458 852 499; x_wconf 90' lang='lat' dir='ltr'><strong>uon</strong></span> <span class='ocrx_word' id='word_1_15' title='bbox 865 442 919 498; x_wconf 86' lang='lat' dir='ltr'><strong>erit</strong></span> <span class='ocrx_word' id='word_1_16' title='bbox 933 442 985 497; x_wconf 90' lang='lat' dir='ltr'><strong>ubi</strong></span> 
     </span>
    </p>
   </div>
   <div class='ocr_carea' id='block_1_3' title="bbox 154 532 991 5674">
    <p class='ocr_par' dir='ltr' id='par_1_3' title="bbox 155 532 990 2477">
     <span class='ocr_line' id='line_1_5' title="bbox 162 532 984 607; baseline -0.01 -13"><span class='ocrx_word' id='word_1_17' title='bbox 162 539 231 607; x_wconf 86' lang='lat' dir='ltr'><strong>siut,</strong></span> <span class='ocrx_word' id='word_1_18' title='bbox 249 541 277 591; x_wconf 92' lang='lat' dir='ltr'><strong>et</strong></span> <span class='ocrx_word' id='word_1_19' title='bbox 291 535 357 589; x_wconf 91' lang='lat' dir='ltr'><strong>ideo</strong></span> <span class='ocrx_word' id='word_1_20' title='bbox 372 547 492 588; x_wconf 89' lang='lat' dir='ltr'><strong>necesse</strong></span> <span class='ocrx_word' id='word_1_21' title='bbox 508 538 552 587; x_wconf 87' lang='lat' dir='ltr'><strong>est</strong></span> <span class='ocrx_word' id='word_1_22' title='bbox 568 537 599 587; x_wconf 88' lang='lat' dir='ltr'><strong>ut</strong></span> <span class='ocrx_word' id='word_1_23' title='bbox 614 547 674 588; x_wconf 92' lang='lat' dir='ltr'><strong>non</strong></span> <span class='ocrx_word' id='word_1_24' title='bbox 689 533 754 588; x_wconf 90' lang='lat' dir='ltr'><strong>sint.</strong></span> <span class='ocrx_word' id='word_1_25' title='bbox 779 532 891 587; x_wconf 84' lang='lat' dir='ltr'><strong>Etenim</strong></span> <span class='ocrx_word' id='word_1_26' title='bbox 916 548 984 586; x_wconf 90' lang='lat' dir='ltr'><strong>cum</strong></span> 
     </span>
     <span class='ocr_line' id='line_1_6' title="bbox 160 620 985 699; baseline -0.008 -17"><span class='ocrx_word' id='word_1_27' title='bbox 160 641 214 699; x_wconf 89' lang='lat' dir='ltr'><strong>per</strong></span> <span class='ocrx_word' id='word_1_28' title='bbox 231 630 320 680; x_wconf 89' lang='lat' dir='ltr'><strong>totam</strong></span> <span class='ocrx_word' id='word_1_29' title='bbox 344 637 432 676; x_wconf 91' lang='lat' dir='ltr'><strong>snam</strong></span> <span class='ocrx_word' id='word_1_30' title='bbox 452 620 563 677; x_wconf 88' lang='lat' dir='ltr'><strong>molem</strong></span> <span class='ocrx_word' id='word_1_31' title='bbox 586 636 694 693; x_wconf 89' lang='lat' dir='ltr'><strong>corpus</strong></span> <span class='ocrx_word' id='word_1_32' title='bbox 709 620 862 694; x_wconf 86' lang='lat' dir='ltr'><strong>aequaliter</strong></span> <span class='ocrx_word' id='word_1_33' title='bbox 877 636 985 676; x_wconf 90' lang='lat' dir='ltr'><strong>sanum</strong></span> 
     </span>
     <span class='ocr_line' id='line_1_7' title="bbox 160 709 985 782; baseline -0.007 -12"><span class='ocrx_word' id='word_1_34' title='bbox 160 709 985 782; x_wconf 82' lang='lat' dir='ltr'><strong>est,autoequalitercandidum,nouestinunaquamin</strong></span> 
     </span>
     <span class='ocr_line' id='line_1_8' title="bbox 159 798 985 875; baseline -0.007 -16"><span class='ocrx_word' id='word_1_35' title='bbox 159 803 218 860; x_wconf 91' lang='lat' dir='ltr'><strong>alia</strong></span> <span class='ocrx_word' id='word_1_36' title='bbox 229 807 312 875; x_wconf 90' lang='lat' dir='ltr'><strong>parte</strong></span> <span class='ocrx_word' id='word_1_37' title='bbox 324 801 390 871; x_wconf 87' lang='lat' dir='ltr'><strong>ejus</strong></span> <span class='ocrx_word' id='word_1_38' title='bbox 402 800 514 855; x_wconf 84' lang='lat' dir='ltr'><strong>sanitas</strong></span> <span class='ocrx_word' id='word_1_39' title='bbox 527 799 623 870; x_wconf 86' lang='lat' dir='ltr'><strong>major</strong></span> <span class='ocrx_word' id='word_1_40' title='bbox 634 798 816 863; x_wconf 84' lang='lat' dir='ltr'><strong>autcondor,</strong></span> <span class='ocrx_word' id='word_1_41' title='bbox 827 798 985 870; x_wconf 86' lang='lat' dir='ltr'><strong>necmajor</strong></span> 
     </span>
     <span class='ocr_line' id='line_1_9' title="bbox 155 887 986 961; baseline -0.007 -14"><span class='ocrx_word' id='word_1_42' title='bbox 155 893 188 948; x_wconf 87' lang='lat' dir='ltr'><strong>in</strong></span> <span class='ocrx_word' id='word_1_43' title='bbox 206 897 265 949; x_wconf 92' lang='lat' dir='ltr'><strong>toto</strong></span> <span class='ocrx_word' id='word_1_44' title='bbox 280 906 372 961; x_wconf 90' lang='lat' dir='ltr'><strong>quam</strong></span> <span class='ocrx_word' id='word_1_45' title='bbox 385 889 415 943; x_wconf 92' lang='lat' dir='ltr'><strong>in</strong></span> <span class='ocrx_word' id='word_1_46' title='bbox 436 893 520 960; x_wconf 86' lang='lat' dir='ltr'><strong>parte</strong></span> <span class='ocrx_word' id='word_1_47' title='bbox 535 889 600 960; x_wconf 84' lang='lat' dir='ltr'><strong>ejus</strong></span> <span class='ocrx_word' id='word_1_48' title='bbox 616 904 623 954; x_wconf 92' lang='grc'>;</span> <span class='ocrx_word' id='word_1_49' title='bbox 639 890 711 961; x_wconf 90' lang='lat' dir='ltr'><strong>quia</strong></span> <span class='ocrx_word' id='word_1_50' title='bbox 730 903 791 944; x_wconf 92' lang='lat' dir='ltr'><strong>non</strong></span> <span class='ocrx_word' id='word_1_51' title='bbox 812 887 914 944; x_wconf 89' lang='lat' dir='ltr'><strong>sanius</strong></span> <span class='ocrx_word' id='word_1_52' title='bbox 933 890 986 942; x_wconf 90' lang='lat' dir='ltr'><strong>aut</strong></span> 
     </span>
     <span class='ocr_line' id='line_1_10' title="bbox 157 975 986 1050; baseline -0.007 -12"><span class='ocrx_word' id='word_1_53' title='bbox 157 981 318 1038; x_wconf 88' lang='lat' dir='ltr'><strong>candidius</strong></span> <span class='ocrx_word' id='word_1_54' title='bbox 340 984 434 1036; x_wconf 87' lang='lat' dir='ltr'><strong>toturn</strong></span> <span class='ocrx_word' id='word_1_55' title='bbox 454 983 571 1034; x_wconf 90' lang='lat' dir='ltr'><strong>constat</strong></span> <span class='ocrx_word' id='word_1_56' title='bbox 589 993 656 1033; x_wconf 88' lang='lat' dir='ltr'><strong>esse</strong></span> <span class='ocrx_word' id='word_1_57' title='bbox 683 994 778 1050; x_wconf 92' lang='lat' dir='ltr'><strong>quam</strong></span> <span class='ocrx_word' id='word_1_58' title='bbox 799 983 925 1050; x_wconf 86' lang='lat' dir='ltr'><strong>partem.</strong></span> <span class='ocrx_word' id='word_1_59' title='bbox 956 975 986 1033; x_wconf 91' lang='lat' dir='ltr'><strong>Si</strong></span> 
     </span>
     <span class='ocr_line' id='line_1_11' title="bbox 157 1066 985 1140; baseline -0.008 -12"><span class='ocrx_word' id='word_1_60' title='bbox 157 1076 259 1129; x_wconf 87' lang='lat' dir='ltr'><strong>autem</strong></span> <span class='ocrx_word' id='word_1_61' title='bbox 272 1067 459 1140; x_wconf 81' lang='lat' dir='ltr'><strong>inaequaliter</strong></span> <span class='ocrx_word' id='word_1_62' title='bbox 471 1067 507 1122; x_wconf 89' lang='lat' dir='ltr'><strong>sil</strong></span> <span class='ocrx_word' id='word_1_63' title='bbox 520 1083 630 1123; x_wconf 91' lang='lat' dir='ltr'><strong>sanum</strong></span> <span class='ocrx_word' id='word_1_64' title='bbox 643 1072 696 1122; x_wconf 92' lang='lat' dir='ltr'><strong>aut</strong></span> <span class='ocrx_word' id='word_1_65' title='bbox 707 1066 895 1139; x_wconf 80' lang='lat' dir='ltr'><strong>inaequaliter</strong></span> <span class='ocrx_word' id='word_1_66' title='bbox 914 1081 985 1121; x_wconf 92' lang='lat' dir='ltr'><strong>can-</strong></span> 
     </span>
     <span class='ocr_line' id='line_1_12' title="bbox 159 1155 986 1229; baseline -0.008 -14"><span class='ocrx_word' id='word_1_67' title='bbox 159 1160 275 1223; x_wconf 90' lang='lat' dir='ltr'><strong>didum,</strong></span> <span class='ocrx_word' id='word_1_68' title='bbox 296 1158 358 1213; x_wconf 81' lang='lat' dir='ltr'><strong>sieri</strong></span> <span class='ocrx_word' id='word_1_69' title='bbox 372 1160 472 1229; x_wconf 91' lang='lat' dir='ltr'><strong>potest</strong></span> <span class='ocrx_word' id='word_1_70' title='bbox 491 1160 522 1212; x_wconf 90' lang='lat' dir='ltr'><strong>ut</strong></span> <span class='ocrx_word' id='word_1_71' title='bbox 540 1156 571 1212; x_wconf 88' lang='lat' dir='ltr'><strong>in</strong></span> <span class='ocrx_word' id='word_1_72' title='bbox 592 1155 706 1212; x_wconf 90' lang='lat' dir='ltr'><strong>minore</strong></span> <span class='ocrx_word' id='word_1_73' title='bbox 725 1160 809 1228; x_wconf 90' lang='lat' dir='ltr'><strong>parte</strong></span> <span class='ocrx_word' id='word_1_74' title='bbox 822 1155 861 1211; x_wconf 90' lang='lat' dir='ltr'><strong>sit</strong></span> <span class='ocrx_word' id='word_1_75' title='bbox 874 1155 986 1210; x_wconf 80' lang='lat' dir='ltr'><strong>sanitas</strong></span> 
     </span>
     <span class='ocr_line' id='line_1_13' title="bbox 157 1245 987 1320; baseline -0.006 -16"><span class='ocrx_word' id='word_1_76' title='bbox 157 1249 252 1320; x_wconf 87' lang='lat' dir='ltr'><strong>major</strong></span> <span class='ocrx_word' id='word_1_77' title='bbox 272 1252 323 1304; x_wconf 91' lang='lat' dir='ltr'><strong>aut</strong></span> <span class='ocrx_word' id='word_1_78' title='bbox 340 1246 464 1309; x_wconf 88' lang='lat' dir='ltr'><strong>candor,</strong></span> <span class='ocrx_word' id='word_1_79' title='bbox 478 1262 548 1300; x_wconf 89' lang='lat' dir='ltr'><strong>cum</strong></span> <span class='ocrx_word' id='word_1_80' title='bbox 562 1245 680 1301; x_wconf 88' lang='lat' dir='ltr'><strong>minora</strong></span> <span class='ocrx_word' id='word_1_81' title='bbox 697 1261 789 1317; x_wconf 92' lang='lat' dir='ltr'><strong>quam</strong></span> <span class='ocrx_word' id='word_1_82' title='bbox 810 1245 927 1315; x_wconf 74' lang='lat' dir='ltr'><strong>maiora</strong></span> <span class='ocrx_word' id='word_1_83' title='bbox 941 1259 987 1298; x_wconf 89' lang='lat' dir='ltr'><strong>sa·</strong></span> 
     </span>
     <span class='ocr_line' id='line_1_14' title="bbox 158 1332 986 1406; baseline -0.007 -12"><span class='ocrx_word' id='word_1_84' title='bbox 158 1338 244 1395; x_wconf 88' lang='lat' dir='ltr'><strong>niora</strong></span> <span class='ocrx_word' id='word_1_85' title='bbox 263 1336 310 1392; x_wconf 87' lang='lat' dir='ltr'><strong>vel</strong></span> <span class='ocrx_word' id='word_1_86' title='bbox 324 1334 498 1392; x_wconf 83' lang='lat' dir='ltr'><strong>candidiora</strong></span> <span class='ocrx_word' id='word_1_87' title='bbox 519 1336 590 1388; x_wconf 88' lang='lat' dir='ltr'><strong>sunt</strong></span> <span class='ocrx_word' id='word_1_88' title='bbox 606 1334 742 1389; x_wconf 88' lang='lat' dir='ltr'><strong>membra</strong></span> <span class='ocrx_word' id='word_1_89' title='bbox 761 1353 769 1402; x_wconf 83' lang='lat'>3</span> <span class='ocrx_word' id='word_1_90' title='bbox 794 1349 890 1406; x_wconf 92' lang='lat' dir='ltr'><strong>usque</strong></span> <span class='ocrx_word' id='word_1_91' title='bbox 912 1332 986 1388; x_wconf 87' lang='lat' dir='ltr'><strong>adeo</strong></span> 
     </span>
     <span class='ocr_line' id='line_1_15' title="bbox 157 1420 987 1494; baseline -0.007 -12"><span class='ocrx_word' id='word_1_92' title='bbox 157 1442 219 1483; x_wconf 92' lang='lat' dir='ltr'><strong>non</strong></span> <span class='ocrx_word' id='word_1_93' title='bbox 240 1425 317 1480; x_wconf 89' lang='lat' dir='ltr'><strong>mole</strong></span> <span class='ocrx_word' id='word_1_94' title='bbox 340 1427 457 1479; x_wconf 91' lang='lat' dir='ltr'><strong>constat</strong></span> <span class='ocrx_word' id='word_1_95' title='bbox 471 1422 552 1494; x_wconf 92' lang='lat' dir='ltr'><strong>quod</strong></span> <span class='ocrx_word' id='word_1_96' title='bbox 568 1422 598 1477; x_wconf 91' lang='lat' dir='ltr'><strong>in</strong></span> <span class='ocrx_word' id='word_1_97' title='bbox 620 1420 816 1494; x_wconf 90' lang='lat' dir='ltr'><strong>qualitatibus</strong></span> <span class='ocrx_word' id='word_1_98' title='bbox 840 1435 987 1490; x_wconf 87' lang='lat' dir='ltr'><strong>maguum</strong></span> 
     </span>
     <span class='ocr_line' id='line_1_16' title="bbox 157 1509 987 1584; baseline -0.01 -13"><span class='ocrx_word' id='word_1_99' title='bbox 157 1515 265 1571; x_wconf 88' lang='lat' dir='ltr'><strong>dicitur</strong></span> <span class='ocrx_word' id='word_1_100' title='bbox 288 1530 352 1569; x_wconf 91' lang='lat' dir='ltr'><strong>esse</strong></span> <span class='ocrx_word' id='word_1_101' title='bbox 373 1512 419 1568; x_wconf 90' lang='lat' dir='ltr'><strong>vel</strong></span> <span class='ocrx_word' id='word_1_102' title='bbox 435 1527 574 1584; x_wconf 87' lang='lat' dir='ltr'><strong>parvum.</strong></span> <span class='ocrx_word' id='word_1_103' title='bbox 599 1512 814 1567; x_wconf 82' lang='lat' dir='ltr'><strong>Verumtamen</strong></span> <span class='ocrx_word' id='word_1_104' title='bbox 838 1511 861 1565; x_wconf 90' lang='lat' dir='ltr'><strong>si</strong></span> <span class='ocrx_word' id='word_1_105' title='bbox 891 1509 987 1566; x_wconf 91' lang='lat' dir='ltr'><strong>moles</strong></span> 
     </span>
     <span class='ocr_line' id='line_1_17' title="bbox 157 1598 988 1677; baseline -0.01 -16"><span class='ocrx_word' id='word_1_106' title='bbox 157 1606 223 1677; x_wconf 86' lang='lat' dir='ltr'><strong>ipsa</strong></span> <span class='ocrx_word' id='word_1_107' title='bbox 249 1602 392 1674; x_wconf 87' lang='lat' dir='ltr'><strong>corporis,</strong></span> <span class='ocrx_word' id='word_1_108' title='bbox 420 1606 665 1674; x_wconf 89' lang='lat' dir='ltr'><strong>quantacumque</strong></span> <span class='ocrx_word' id='word_1_109' title='bbox 688 1600 734 1656; x_wconf 84' lang='lat' dir='ltr'><strong>vel</strong></span> <span class='ocrx_word' id='word_1_110' title='bbox 757 1598 988 1672; x_wconf 88' lang='lat' dir='ltr'><strong>quantulacum-</strong></span> 
     </span>
     <span class='ocr_line' id='line_1_18' title="bbox 157 1689 987 1768; baseline -0.008 -19"><span class='ocrx_word' id='word_1_111' title='bbox 157 1710 217 1768; x_wconf 89' lang='lat' dir='ltr'><strong>que</strong></span> <span class='ocrx_word' id='word_1_112' title='bbox 242 1695 288 1759; x_wconf 89' lang='lat' dir='ltr'><strong>sit,</strong></span> <span class='ocrx_word' id='word_1_113' title='bbox 313 1692 433 1764; x_wconf 89' lang='lat' dir='ltr'><strong>penitus</strong></span> <span class='ocrx_word' id='word_1_114' title='bbox 456 1690 618 1757; x_wconf 78' lang='lat' dir='ltr'><strong>auferatur,</strong></span> <span class='ocrx_word' id='word_1_115' title='bbox 646 1689 804 1762; x_wconf 87' lang='lat' dir='ltr'><strong>qualitates</strong></span> <span class='ocrx_word' id='word_1_116' title='bbox 831 1689 896 1760; x_wconf 71' lang='lat' dir='ltr'><strong>eius</strong></span> <span class='ocrx_word' id='word_1_117' title='bbox 925 1703 987 1743; x_wconf 91' lang='lat' dir='ltr'><strong>non</strong></span> 
     </span>
     <span class='ocr_line' id='line_1_19' title="bbox 157 1777 988 1853; baseline -0.008 -13"><span class='ocrx_word' id='word_1_118' title='bbox 157 1783 212 1840; x_wconf 86' lang='lat' dir='ltr'><strong>erit</strong></span> <span class='ocrx_word' id='word_1_119' title='bbox 227 1782 276 1839; x_wconf 94' lang='lat' dir='ltr'><strong>ubi</strong></span> <span class='ocrx_word' id='word_1_120' title='bbox 291 1781 359 1848; x_wconf 90' lang='lat' dir='ltr'><strong>sint,</strong></span> <span class='ocrx_word' id='word_1_121' title='bbox 373 1780 513 1853; x_wconf 84' lang='lat' dir='ltr'><strong>quamvis</strong></span> <span class='ocrx_word' id='word_1_122' title='bbox 528 1795 589 1834; x_wconf 93' lang='lat' dir='ltr'><strong>non</strong></span> <span class='ocrx_word' id='word_1_123' title='bbox 601 1778 679 1835; x_wconf 91' lang='lat' dir='ltr'><strong>mole</strong></span> <span class='ocrx_word' id='word_1_124' title='bbox 695 1777 854 1834; x_wconf 80' lang='lat' dir='ltr'><strong>metiendae</strong></span> <span class='ocrx_word' id='word_1_125' title='bbox 869 1777 937 1833; x_wconf 87' lang='lat' dir='ltr'><strong>sint.</strong></span> <span class='ocrx_word' id='word_1_126' title='bbox 952 1781 988 1833; x_wconf 82' lang='lat' dir='ltr'><strong>at</strong></span> 
     </span>
     <span class='ocr_line' id='line_1_20' title="bbox 157 1866 989 1940; baseline -0.007 -12"><span class='ocrx_word' id='word_1_127' title='bbox 157 1888 228 1928; x_wconf 88' lang='lat' dir='ltr'><strong>vero</strong></span> <span class='ocrx_word' id='word_1_128' title='bbox 237 1872 314 1927; x_wconf 88' lang='lat' dir='ltr'><strong>Deus</strong></span> <span class='ocrx_word' id='word_1_129' title='bbox 325 1886 397 1935; x_wconf 92' lang='lat' dir='ltr'><strong>non,</strong></span> <span class='ocrx_word' id='word_1_130' title='bbox 412 1868 547 1924; x_wconf 91' lang='lat' dir='ltr'><strong>siminus</strong></span> <span class='ocrx_word' id='word_1_131' title='bbox 558 1867 723 1940; x_wconf 90' lang='lat' dir='ltr'><strong>capiturab</strong></span> <span class='ocrx_word' id='word_1_132' title='bbox 734 1867 783 1923; x_wconf 91' lang='lat' dir='ltr'><strong>illo</strong></span> <span class='ocrx_word' id='word_1_133' title='bbox 795 1866 843 1922; x_wconf 91' lang='lat' dir='ltr'><strong>cui</strong></span> <span class='ocrx_word' id='word_1_134' title='bbox 856 1881 989 1939; x_wconf 81' lang='lat' dir='ltr'><strong>praesens</strong></span> 
     </span>
     <span class='ocr_line' id='line_1_21' title="bbox 158 1956 986 2031; baseline -0.01 -13"><span class='ocrx_word' id='word_1_135' title='bbox 158 1968 212 2028; x_wconf 84' lang='lat' dir='ltr'><strong>est,</strong></span> <span class='ocrx_word' id='word_1_136' title='bbox 233 1960 300 2016; x_wconf 87' lang='lat' dir='ltr'><strong>ideo</strong></span> <span class='ocrx_word' id='word_1_137' title='bbox 315 1960 378 2031; x_wconf 89' lang='lat' dir='ltr'><strong>ipse</strong></span> <span class='ocrx_word' id='word_1_138' title='bbox 393 1958 491 2014; x_wconf 88' lang='lat' dir='ltr'><strong>minor</strong></span> <span class='ocrx_word' id='word_1_139' title='bbox 505 1960 558 2013; x_wconf 87' lang='lat' dir='ltr'><strong>est.</strong></span> <span class='ocrx_word' id='word_1_140' title='bbox 574 1959 663 2012; x_wconf 84' lang='lat' dir='ltr'><strong>&#39;lotus</strong></span> <span class='ocrx_word' id='word_1_141' title='bbox 679 1956 800 2011; x_wconf 88' lang='lat' dir='ltr'><strong>enimin</strong></span> <span class='ocrx_word' id='word_1_142' title='bbox 820 1956 917 2027; x_wconf 87' lang='lat' dir='ltr'><strong>seipso</strong></span> <span class='ocrx_word' id='word_1_143' title='bbox 931 1960 986 2022; x_wconf 90' lang='lat' dir='ltr'><strong>est,</strong></span> 
     </span>
     <span class='ocr_line' id='line_1_22' title="bbox 155 2044 989 2121; baseline -0.01 -14"><span class='ocrx_word' id='word_1_144' title='bbox 155 2065 211 2107; x_wconf 89' lang='lat' dir='ltr'><strong>nec</strong></span> <span class='ocrx_word' id='word_1_145' title='bbox 227 2048 383 2121; x_wconf 92' lang='lat' dir='ltr'><strong>inquibus</strong></span> <span class='ocrx_word' id='word_1_146' title='bbox 399 2052 454 2116; x_wconf 87' lang='lat' dir='ltr'><strong>est,</strong></span> <span class='ocrx_word' id='word_1_147' title='bbox 468 2046 508 2102; x_wconf 89' lang='lat' dir='ltr'><strong>ita</strong></span> <span class='ocrx_word' id='word_1_148' title='bbox 523 2049 566 2101; x_wconf 85' lang='lat' dir='ltr'><strong>est</strong></span> <span class='ocrx_word' id='word_1_149' title='bbox 582 2051 613 2101; x_wconf 96' lang='lat' dir='ltr'><strong>ut</strong></span> <span class='ocrx_word' id='word_1_150' title='bbox 626 2044 759 2115; x_wconf 79' lang='lat' dir='ltr'><strong>indigeat</strong></span> <span class='ocrx_word' id='word_1_151' title='bbox 774 2044 828 2113; x_wconf 90' lang='lat' dir='ltr'><strong>eis,</strong></span> <span class='ocrx_word' id='word_1_152' title='bbox 843 2049 989 2116; x_wconf 85' lang='lat' dir='ltr'><strong>tanquam</strong></span> 
     </span>
     <span class='ocr_line' id='line_1_23' title="bbox 159 2133 989 2210; baseline -0.007 -14"><span class='ocrx_word' id='word_1_153' title='bbox 159 2155 222 2196; x_wconf 92' lang='lat' dir='ltr'><strong>non</strong></span> <span class='ocrx_word' id='word_1_154' title='bbox 237 2138 330 2210; x_wconf 89' lang='lat' dir='ltr'><strong>possit</strong></span> <span class='ocrx_word' id='word_1_155' title='bbox 341 2152 407 2192; x_wconf 89' lang='lat' dir='ltr'><strong>csse</strong></span> <span class='ocrx_word' id='word_1_156' title='bbox 426 2135 485 2191; x_wconf 91' lang='lat' dir='ltr'><strong>nisi</strong></span> <span class='ocrx_word' id='word_1_157' title='bbox 498 2135 528 2190; x_wconf 91' lang='lat' dir='ltr'><strong>in</strong></span> <span class='ocrx_word' id='word_1_158' title='bbox 544 2134 597 2189; x_wconf 91' lang='lat' dir='ltr'><strong>eis.</strong></span> <span class='ocrx_word' id='word_1_159' title='bbox 611 2134 691 2190; x_wconf 77' lang='lat' dir='ltr'><strong>Sicut</strong></span> <span class='ocrx_word' id='word_1_160' title='bbox 705 2139 805 2190; x_wconf 91' lang='lat' dir='ltr'><strong>autem</strong></span> <span class='ocrx_word' id='word_1_161' title='bbox 821 2149 875 2189; x_wconf 89' lang='lat' dir='ltr'><strong>nec</strong></span> <span class='ocrx_word' id='word_1_162' title='bbox 888 2134 927 2189; x_wconf 90' lang='lat' dir='ltr'><strong>ab</strong></span> <span class='ocrx_word' id='word_1_163' title='bbox 940 2133 989 2190; x_wconf 92' lang='lat' dir='ltr'><strong>illo</strong></span> 
     </span>
     <span class='ocr_line' id='line_1_24' title="bbox 158 2222 990 2297; baseline -0.008 -13"><span class='ocrx_word' id='word_1_164' title='bbox 158 2227 252 2293; x_wconf 90' lang='lat' dir='ltr'><strong>abest,</strong></span> <span class='ocrx_word' id='word_1_165' title='bbox 270 2227 300 2283; x_wconf 91' lang='lat' dir='ltr'><strong>in</strong></span> <span class='ocrx_word' id='word_1_166' title='bbox 314 2242 375 2297; x_wconf 93' lang='lat' dir='ltr'><strong>quo</strong></span> <span class='ocrx_word' id='word_1_167' title='bbox 388 2239 448 2279; x_wconf 83' lang='lat' dir='ltr'><strong>noir</strong></span> <span class='ocrx_word' id='word_1_168' title='bbox 462 2222 585 2291; x_wconf 87' lang='lat' dir='ltr'><strong>habital,</strong></span> <span class='ocrx_word' id='word_1_169' title='bbox 600 2227 627 2278; x_wconf 91' lang='lat' dir='ltr'><strong>et</strong></span> <span class='ocrx_word' id='word_1_170' title='bbox 647 2226 726 2278; x_wconf 84' lang='lat' dir='ltr'><strong>tolus</strong></span> <span class='ocrx_word' id='word_1_171' title='bbox 738 2223 832 2285; x_wconf 82' lang='lat' dir='ltr'><strong>adest,</strong></span> <span class='ocrx_word' id='word_1_172' title='bbox 849 2223 990 2294; x_wconf 86' lang='lat' dir='ltr'><strong>quamvis</strong></span> 
     </span>
     <span class='ocr_line' id='line_1_25' title="bbox 159 2311 990 2383; baseline -0.01 -10"><span class='ocrx_word' id='word_1_173' title='bbox 159 2333 230 2373; x_wconf 92' lang='lat' dir='ltr'><strong>eum</strong></span> <span class='ocrx_word' id='word_1_174' title='bbox 243 2315 290 2372; x_wconf 90' lang='lat' dir='ltr'><strong>ille</strong></span> <span class='ocrx_word' id='word_1_175' title='bbox 300 2331 361 2370; x_wconf 90' lang='lat' dir='ltr'><strong>non</strong></span> <span class='ocrx_word' id='word_1_176' title='bbox 372 2314 498 2379; x_wconf 89' lang='lat' dir='ltr'><strong>habeat;</strong></span> <span class='ocrx_word' id='word_1_177' title='bbox 513 2313 554 2367; x_wconf 88' lang='lat' dir='ltr'><strong>ita</strong></span> <span class='ocrx_word' id='word_1_178' title='bbox 565 2315 593 2367; x_wconf 87' lang='lat' dir='ltr'><strong>et</strong></span> <span class='ocrx_word' id='word_1_179' title='bbox 605 2311 645 2366; x_wconf 92' lang='lat' dir='ltr'><strong>illi</strong></span> <span class='ocrx_word' id='word_1_180' title='bbox 658 2312 688 2366; x_wconf 91' lang='lat' dir='ltr'><strong>in</strong></span> <span class='ocrx_word' id='word_1_181' title='bbox 703 2327 764 2383; x_wconf 94' lang='lat' dir='ltr'><strong>quo</strong></span> <span class='ocrx_word' id='word_1_182' title='bbox 773 2311 897 2377; x_wconf 87' lang='lat' dir='ltr'><strong>habitat,</strong></span> <span class='ocrx_word' id='word_1_183' title='bbox 911 2316 990 2367; x_wconf 91' lang='lat' dir='ltr'><strong>totus</strong></span> 
     </span>
     <span class='ocr_line' id='line_1_26' title="bbox 159 2400 927 2477; baseline -0.01 -15"><span class='ocrx_word' id='word_1_184' title='bbox 159 2410 202 2462; x_wconf 88' lang='lat' dir='ltr'><strong>est</strong></span> <span class='ocrx_word' id='word_1_185' title='bbox 215 2419 358 2477; x_wconf 80' lang='lat' dir='ltr'><strong>praesens,</strong></span> <span class='ocrx_word' id='word_1_186' title='bbox 375 2402 514 2474; x_wconf 85' lang='lat' dir='ltr'><strong>quamvis</strong></span> <span class='ocrx_word' id='word_1_187' title='bbox 530 2416 599 2455; x_wconf 88' lang='lat' dir='ltr'><strong>eum</strong></span> <span class='ocrx_word' id='word_1_188' title='bbox 614 2416 675 2455; x_wconf 91' lang='lat' dir='ltr'><strong>non</strong></span> <span class='ocrx_word' id='word_1_189' title='bbox 690 2415 727 2455; x_wconf 83' lang='lat' dir='ltr'><strong>ex</strong></span> <span class='ocrx_word' id='word_1_190' title='bbox 744 2404 805 2456; x_wconf 91' lang='lat' dir='ltr'><strong>toto</strong></span> <span class='ocrx_word' id='word_1_191' title='bbox 818 2400 927 2472; x_wconf 91' lang='lat' dir='ltr'><strong>capiat.</strong></span> 
     </span>
    </p>

    <p class='ocr_par' dir='ltr' id='par_1_4' title="bbox 154 2489 991 4253">
     <span class='ocr_line' id='line_1_27' title="bbox 194 2489 991 2566; baseline -0.006 -16"><span class='ocrx_word' id='word_1_192' title='bbox 194 2497 237 2554; x_wconf 82' lang='lat' dir='ltr'><strong>te.</strong></span> <span class='ocrx_word' id='word_1_193' title='bbox 251 2497 350 2566; x_wconf 85' lang='lat' dir='ltr'><strong>Neque</strong></span> <span class='ocrx_word' id='word_1_194' title='bbox 361 2492 440 2547; x_wconf 90' lang='lat' dir='ltr'><strong>euim</strong></span> <span class='ocrx_word' id='word_1_195' title='bbox 451 2490 491 2546; x_wconf 96' lang='lat' dir='ltr'><strong>ad</strong></span> <span class='ocrx_word' id='word_1_196' title='bbox 502 2489 701 2546; x_wconf 91' lang='lat' dir='ltr'><strong>habitandum</strong></span> <span class='ocrx_word' id='word_1_197' title='bbox 710 2489 816 2546; x_wconf 83' lang='lat' dir='ltr'><strong>dividit</strong></span> <span class='ocrx_word' id='word_1_198' title='bbox 830 2505 861 2545; x_wconf 91' lang='lat' dir='ltr'><strong>se</strong></span> <span class='ocrx_word' id='word_1_199' title='bbox 875 2505 927 2562; x_wconf 90' lang='lat' dir='ltr'><strong>per</strong></span> <span class='ocrx_word' id='word_1_200' title='bbox 938 2489 991 2545; x_wconf 95' lang='lat' dir='ltr'><strong>ho·</strong></span> 
     </span>
     <span class='ocr_line' id='line_1_28' title="bbox 159 2578 990 2650; baseline -0.007 -10"><span class='ocrx_word' id='word_1_201' title='bbox 159 2586 275 2640; x_wconf 89' lang='lat' dir='ltr'><strong>minum</strong></span> <span class='ocrx_word' id='word_1_202' title='bbox 290 2583 383 2638; x_wconf 90' lang='lat' dir='ltr'><strong>corda</strong></span> <span class='ocrx_word' id='word_1_203' title='bbox 398 2596 448 2635; x_wconf 88' lang='lat' dir='ltr'><strong>seu</strong></span> <span class='ocrx_word' id='word_1_204' title='bbox 466 2594 603 2650; x_wconf 90' lang='lat' dir='ltr'><strong>corpora,</strong></span> <span class='ocrx_word' id='word_1_205' title='bbox 619 2578 709 2634; x_wconf 86' lang='lat' dir='ltr'><strong>aliam</strong></span> <span class='ocrx_word' id='word_1_206' title='bbox 725 2579 770 2633; x_wconf 90' lang='lat' dir='ltr'><strong>sui</strong></span> <span class='ocrx_word' id='word_1_207' title='bbox 785 2584 900 2649; x_wconf 86' lang='lat' dir='ltr'><strong>partem</strong></span> <span class='ocrx_word' id='word_1_208' title='bbox 920 2578 990 2635; x_wconf 93' lang='lat' dir='ltr'><strong>huic</strong></span> 
     </span>
     <span class='ocr_line' id='line_1_29' title="bbox 157 2667 991 2740; baseline -0.005 -12"><span class='ocrx_word' id='word_1_209' title='bbox 157 2673 303 2737; x_wconf 86' lang='lat' dir='ltr'><strong>tribuens,</strong></span> <span class='ocrx_word' id='word_1_210' title='bbox 320 2669 360 2725; x_wconf 91' lang='lat' dir='ltr'><strong>illi</strong></span> <span class='ocrx_word' id='word_1_211' title='bbox 373 2670 473 2736; x_wconf 91' lang='lat' dir='ltr'><strong>aliam,</strong></span> <span class='ocrx_word' id='word_1_212' title='bbox 489 2668 565 2723; x_wconf 93' lang='lat' dir='ltr'><strong>sicut</strong></span> <span class='ocrx_word' id='word_1_213' title='bbox 578 2667 629 2723; x_wconf 84' lang='lat' dir='ltr'><strong>lux</strong></span> <span class='ocrx_word' id='word_1_214' title='bbox 641 2667 700 2724; x_wconf 90' lang='lat' dir='ltr'><strong>ista</strong></span> <span class='ocrx_word' id='word_1_215' title='bbox 714 2683 767 2739; x_wconf 91' lang='lat' dir='ltr'><strong>per</strong></span> <span class='ocrx_word' id='word_1_216' title='bbox 781 2667 879 2724; x_wconf 90' lang='lat' dir='ltr'><strong>aditus</strong></span> <span class='ocrx_word' id='word_1_217' title='bbox 894 2672 922 2724; x_wconf 91' lang='lat' dir='ltr'><strong>et</strong></span> <span class='ocrx_word' id='word_1_218' title='bbox 937 2684 991 2740; x_wconf 88' lang='lat' dir='ltr'><strong>per</strong></span> 
     </span>
     <span class='ocr_line' id='line_1_30' title="bbox 157 2756 986 2829; baseline -0.006 -11"><span class='ocrx_word' id='word_1_219' title='bbox 157 2756 986 2829; x_wconf 79' lang='lat' dir='ltr'><strong>fenestrasdomorum:sedpotius,siquemlibetsonum,</strong></span> 
     </span>
     <span class='ocr_line' id='line_1_31' title="bbox 158 2845 988 2921; baseline -0.007 -14"><span class='ocrx_word' id='word_1_220' title='bbox 158 2867 228 2907; x_wconf 92' lang='lat' dir='ltr'><strong>cum</strong></span> <span class='ocrx_word' id='word_1_221' title='bbox 241 2864 386 2921; x_wconf 84' lang='lat' dir='ltr'><strong>corporea</strong></span> <span class='ocrx_word' id='word_1_222' title='bbox 395 2863 442 2903; x_wconf 89' lang='lat' dir='ltr'><strong>res</strong></span> <span class='ocrx_word' id='word_1_223' title='bbox 456 2846 538 2902; x_wconf 88' lang='lat' dir='ltr'><strong>sitae</strong></span> <span class='ocrx_word' id='word_1_224' title='bbox 549 2846 727 2909; x_wconf 90' lang='lat' dir='ltr'><strong>transitoria,</strong></span> <span class='ocrx_word' id='word_1_225' title='bbox 740 2845 849 2901; x_wconf 90' lang='lat' dir='ltr'><strong>surdus</strong></span> <span class='ocrx_word' id='word_1_226' title='bbox 864 2861 925 2901; x_wconf 94' lang='lat' dir='ltr'><strong>non</strong></span> <span class='ocrx_word' id='word_1_227' title='bbox 941 2862 988 2902; x_wconf 90' lang='lat' dir='ltr'><strong>ca-</strong></span> 
     </span>
     <span class='ocr_line' id='line_1_32' title="bbox 157 2934 987 3013; baseline -0.004 -18"><span class='ocrx_word' id='word_1_228' title='bbox 157 2940 212 3013; x_wconf 92' lang='lat' dir='ltr'><strong>pit,</strong></span> <span class='ocrx_word' id='word_1_229' title='bbox 224 2940 377 2994; x_wconf 87' lang='lat' dir='ltr'><strong>surdaster</strong></span> <span class='ocrx_word' id='word_1_230' title='bbox 390 2951 451 2992; x_wconf 91' lang='lat' dir='ltr'><strong>non</strong></span> <span class='ocrx_word' id='word_1_231' title='bbox 465 2940 558 2992; x_wconf 92' lang='lat' dir='ltr'><strong>totum</strong></span> <span class='ocrx_word' id='word_1_232' title='bbox 572 2935 662 3006; x_wconf 89' lang='lat' dir='ltr'><strong>capit,</strong></span> <span class='ocrx_word' id='word_1_233' title='bbox 673 2941 760 3007; x_wconf 92' lang='lat' dir='ltr'><strong>atque</strong></span> <span class='ocrx_word' id='word_1_234' title='bbox 773 2935 802 2991; x_wconf 91' lang='lat' dir='ltr'><strong>in</strong></span> <span class='ocrx_word' id='word_1_235' title='bbox 816 2934 860 2990; x_wconf 89' lang='lat' dir='ltr'><strong>his</strong></span> <span class='ocrx_word' id='word_1_236' title='bbox 873 2936 925 3007; x_wconf 91' lang='lat' dir='ltr'><strong>qui</strong></span> <span class='ocrx_word' id='word_1_237' title='bbox 936 2953 987 2992; x_wconf 92' lang='lat' dir='ltr'><strong>au·</strong></span> 
     </span>
     <span class='ocr_line' id='line_1_33' title="bbox 156 3023 987 3099; baseline -0.007 -14"><span class='ocrx_word' id='word_1_238' title='bbox 156 3029 242 3085; x_wconf 91' lang='lat' dir='ltr'><strong>diunt</strong></span> <span class='ocrx_word' id='word_1_239' title='bbox 254 3044 324 3084; x_wconf 93' lang='lat' dir='ltr'><strong>cum</strong></span> <span class='ocrx_word' id='word_1_240' title='bbox 336 3025 479 3099; x_wconf 90' lang='lat' dir='ltr'><strong>pariterei</strong></span> <span class='ocrx_word' id='word_1_241' title='bbox 489 3024 703 3097; x_wconf 86' lang='lat' dir='ltr'><strong>propinquant,</strong></span> <span class='ocrx_word' id='word_1_242' title='bbox 715 3028 795 3079; x_wconf 91' lang='lat' dir='ltr'><strong>tanto</strong></span> <span class='ocrx_word' id='word_1_243' title='bbox 804 3023 902 3094; x_wconf 91' lang='lat' dir='ltr'><strong>magis</strong></span> <span class='ocrx_word' id='word_1_244' title='bbox 911 3024 987 3080; x_wconf 89' lang='lat' dir='ltr'><strong>ullus</strong></span> 
     </span>
     <span class='ocr_line' id='line_1_34' title="bbox 156 3113 985 3189; baseline -0.008 -14"><span class='ocrx_word' id='word_1_245' title='bbox 156 3118 215 3175; x_wconf 88' lang='lat' dir='ltr'><strong>alio</strong></span> <span class='ocrx_word' id='word_1_246' title='bbox 226 3118 315 3189; x_wconf 90' lang='lat' dir='ltr'><strong>capit,</strong></span> <span class='ocrx_word' id='word_1_247' title='bbox 327 3120 441 3188; x_wconf 90' lang='lat' dir='ltr'><strong>quanto</strong></span> <span class='ocrx_word' id='word_1_248' title='bbox 451 3118 497 3171; x_wconf 87' lang='lat' dir='ltr'><strong>cst</strong></span> <span class='ocrx_word' id='word_1_249' title='bbox 509 3113 657 3183; x_wconf 83' lang='lat' dir='ltr'><strong>acutioris,</strong></span> <span class='ocrx_word' id='word_1_250' title='bbox 671 3118 752 3168; x_wconf 88' lang='lat' dir='ltr'><strong>tanto</strong></span> <span class='ocrx_word' id='word_1_251' title='bbox 763 3117 864 3169; x_wconf 84' lang='lat' dir='ltr'><strong>autem</strong></span> <span class='ocrx_word' id='word_1_252' title='bbox 876 3113 985 3181; x_wconf 90' lang='lat' dir='ltr'><strong>minus,</strong></span> 
     </span>
     <span class='ocr_line' id='line_1_35' title="bbox 156 3201 986 3281; baseline -0.007 -17"><span class='ocrx_word' id='word_1_253' title='bbox 156 3212 272 3281; x_wconf 91' lang='lat' dir='ltr'><strong>quanto</strong></span> <span class='ocrx_word' id='word_1_254' title='bbox 286 3211 333 3262; x_wconf 90' lang='lat' dir='ltr'><strong>est</strong></span> <span class='ocrx_word' id='word_1_255' title='bbox 348 3205 509 3261; x_wconf 83' lang='lat' dir='ltr'><strong>obtusioris</strong></span> <span class='ocrx_word' id='word_1_256' title='bbox 524 3202 654 3273; x_wconf 86' lang='lat' dir='ltr'><strong>auditus,</strong></span> <span class='ocrx_word' id='word_1_257' title='bbox 670 3217 740 3257; x_wconf 91' lang='lat' dir='ltr'><strong>cum</strong></span> <span class='ocrx_word' id='word_1_258' title='bbox 756 3201 804 3257; x_wconf 88' lang='lat' dir='ltr'><strong>ille</strong></span> <span class='ocrx_word' id='word_1_259' title='bbox 823 3217 884 3258; x_wconf 92' lang='lat' dir='ltr'><strong>non</strong></span> <span class='ocrx_word' id='word_1_260' title='bbox 905 3204 986 3259; x_wconf 89' lang='lat' dir='ltr'><strong>varie</strong></span> 
     </span>
     <span class='ocr_line' id='line_1_36' title="bbox 156 3289 984 3368; baseline -0.002 -17"><span class='ocrx_word' id='word_1_261' title='bbox 156 3296 250 3368; x_wconf 88' lang='lat' dir='ltr'><strong>magis</strong></span> <span class='ocrx_word' id='word_1_262' title='bbox 265 3295 400 3350; x_wconf 85' lang='lat' dir='ltr'><strong>minusve</strong></span> <span class='ocrx_word' id='word_1_263' title='bbox 411 3294 539 3354; x_wconf 88' lang='lat' dir='ltr'><strong>insonet,</strong></span> <span class='ocrx_word' id='word_1_264' title='bbox 554 3291 607 3345; x_wconf 88' lang='lat' dir='ltr'><strong>sed</strong></span> <span class='ocrx_word' id='word_1_265' title='bbox 620 3293 649 3345; x_wconf 94' lang='lat' dir='ltr'><strong>in</strong></span> <span class='ocrx_word' id='word_1_266' title='bbox 664 3306 699 3345; x_wconf 93' lang='lat' dir='ltr'><strong>eo</strong></span> <span class='ocrx_word' id='word_1_267' title='bbox 711 3289 777 3345; x_wconf 91' lang='lat' dir='ltr'><strong>loco</strong></span> <span class='ocrx_word' id='word_1_268' title='bbox 788 3291 817 3346; x_wconf 94' lang='lat' dir='ltr'><strong>in</strong></span> <span class='ocrx_word' id='word_1_269' title='bbox 829 3307 890 3363; x_wconf 92' lang='lat' dir='ltr'><strong>quo</strong></span> <span class='ocrx_word' id='word_1_270' title='bbox 904 3296 984 3360; x_wconf 89' lang='lat' dir='ltr'><strong>sunt,</strong></span> 
     </span>
     <span class='ocr_line' id='line_1_37' title="bbox 157 3379 984 3456; baseline -0.01 -12"><span class='ocrx_word' id='word_1_271' title='bbox 157 3387 300 3444; x_wconf 91' lang='lat' dir='ltr'><strong>omnibus</strong></span> <span class='ocrx_word' id='word_1_272' title='bbox 314 3382 468 3456; x_wconf 80' lang='lat' dir='ltr'><strong>aequaliter</strong></span> <span class='ocrx_word' id='word_1_273' title='bbox 479 3384 588 3453; x_wconf 80' lang='lat' dir='ltr'><strong>praesto</strong></span> <span class='ocrx_word' id='word_1_274' title='bbox 599 3379 636 3435; x_wconf 85' lang='lat' dir='ltr'><strong>sit</strong></span> <span class='ocrx_word' id='word_1_275' title='bbox 647 3396 654 3446; x_wconf 92' lang='lat'>;</span> <span class='ocrx_word' id='word_1_276' title='bbox 667 3384 781 3453; x_wconf 88' lang='lat' dir='ltr'><strong>quanto</strong></span> <span class='ocrx_word' id='word_1_277' title='bbox 794 3380 984 3437; x_wconf 79' lang='lat' dir='ltr'><strong>excellentius</strong></span> 
     </span>
     <span class='ocr_line' id='line_1_38' title="bbox 156 3467 984 3542; baseline -0.006 -12"><span class='ocrx_word' id='word_1_278' title='bbox 156 3476 234 3532; x_wconf 88' lang='lat' dir='ltr'><strong>Deus</strong></span> <span class='ocrx_word' id='word_1_279' title='bbox 251 3479 359 3530; x_wconf 89' lang='lat' dir='ltr'><strong>natura</strong></span> <span class='ocrx_word' id='word_1_280' title='bbox 371 3472 544 3542; x_wconf 89' lang='lat' dir='ltr'><strong>incorporea</strong></span> <span class='ocrx_word' id='word_1_281' title='bbox 560 3475 586 3525; x_wconf 91' lang='lat' dir='ltr'><strong>et</strong></span> <span class='ocrx_word' id='word_1_282' title='bbox 602 3467 822 3524; x_wconf 85' lang='lat' dir='ltr'><strong>immutabiliter</strong></span> <span class='ocrx_word' id='word_1_283' title='bbox 838 3469 916 3535; x_wconf 88' lang='lat' dir='ltr'><strong>viva,</strong></span> <span class='ocrx_word' id='word_1_284' title='bbox 932 3469 984 3542; x_wconf 93' lang='lat' dir='ltr'><strong>qui</strong></span> 
     </span>
     <span class='ocr_line' id='line_1_39' title="bbox 156 3557 986 3632; baseline -0.007 -12"><span class='ocrx_word' id='word_1_285' title='bbox 156 3580 217 3620; x_wconf 91' lang='lat' dir='ltr'><strong>non</strong></span> <span class='ocrx_word' id='word_1_286' title='bbox 235 3563 310 3619; x_wconf 86' lang='lat' dir='ltr'><strong>sicut</strong></span> <span class='ocrx_word' id='word_1_287' title='bbox 325 3576 417 3616; x_wconf 91' lang='lat' dir='ltr'><strong>sonus</strong></span> <span class='ocrx_word' id='word_1_288' title='bbox 430 3575 483 3632; x_wconf 90' lang='lat' dir='ltr'><strong>per</strong></span> <span class='ocrx_word' id='word_1_289' title='bbox 498 3573 598 3614; x_wconf 88' lang='lat' dir='ltr'><strong>moras</strong></span> <span class='ocrx_word' id='word_1_290' title='bbox 616 3563 785 3629; x_wconf 90' lang='lat' dir='ltr'><strong>temporum</strong></span> <span class='ocrx_word' id='word_1_291' title='bbox 805 3557 886 3613; x_wconf 88' lang='lat' dir='ltr'><strong>tendi</strong></span> <span class='ocrx_word' id='word_1_292' title='bbox 900 3564 928 3614; x_wconf 93' lang='lat' dir='ltr'><strong>et</strong></span> <span class='ocrx_word' id='word_1_293' title='bbox 942 3559 986 3614; x_wconf 93' lang='lat' dir='ltr'><strong>di·</strong></span> 
     </span>
     <span class='ocr_line' id='line_1_40' title="bbox 156 3646 986 3723; baseline -0.002 -17"><span class='ocrx_word' id='word_1_294' title='bbox 156 3652 216 3707; x_wconf 85' lang='lat' dir='ltr'><strong>vidi</strong></span> <span class='ocrx_word' id='word_1_295' title='bbox 231 3655 337 3723; x_wconf 86' lang='lat' dir='ltr'><strong>potest,</strong></span> <span class='ocrx_word' id='word_1_296' title='bbox 355 3664 409 3706; x_wconf 89' lang='lat' dir='ltr'><strong>nec</strong></span> <span class='ocrx_word' id='word_1_297' title='bbox 424 3648 522 3719; x_wconf 89' lang='lat' dir='ltr'><strong>spatio</strong></span> <span class='ocrx_word' id='word_1_298' title='bbox 537 3647 614 3703; x_wconf 92' lang='lat' dir='ltr'><strong>serio</strong></span> <span class='ocrx_word' id='word_1_299' title='bbox 630 3651 775 3719; x_wconf 89' lang='lat' dir='ltr'><strong>tanquam</strong></span> <span class='ocrx_word' id='word_1_300' title='bbox 789 3646 856 3703; x_wconf 92' lang='lat' dir='ltr'><strong>loco</strong></span> <span class='ocrx_word' id='word_1_301' title='bbox 871 3664 925 3703; x_wconf 89' lang='lat' dir='ltr'><strong>suo</strong></span> <span class='ocrx_word' id='word_1_302' title='bbox 942 3648 986 3704; x_wconf 93' lang='lat' dir='ltr'><strong>in·</strong></span> 
     </span>
     <span class='ocr_line' id='line_1_41' title="bbox 156 3736 982 3812; baseline -0.002 -15"><span class='ocrx_word' id='word_1_303' title='bbox 156 3740 246 3811; x_wconf 92' lang='lat' dir='ltr'><strong>diget,</strong></span> <span class='ocrx_word' id='word_1_304' title='bbox 265 3740 313 3796; x_wconf 90' lang='lat' dir='ltr'><strong>ubi</strong></span> <span class='ocrx_word' id='word_1_305' title='bbox 330 3738 647 3812; x_wconf 82' lang='lat' dir='ltr'><strong>praesentibusprresto</strong></span> <span class='ocrx_word' id='word_1_306' title='bbox 666 3736 713 3800; x_wconf 94' lang='lat' dir='ltr'><strong>sit,</strong></span> <span class='ocrx_word' id='word_1_307' title='bbox 728 3737 780 3792; x_wconf 88' lang='lat' dir='ltr'><strong>sed</strong></span> <span class='ocrx_word' id='word_1_308' title='bbox 800 3745 911 3794; x_wconf 78' lang='lat' dir='ltr'><strong>aterna</strong></span> <span class='ocrx_word' id='word_1_309' title='bbox 926 3742 982 3795; x_wconf 87' lang='lat' dir='ltr'><strong>sta·</strong></span> 
     </span>
     <span class='ocr_line' id='line_1_42' title="bbox 155 3825 984 3899; baseline -0.004 -13"><span class='ocrx_word' id='word_1_310' title='bbox 155 3829 270 3886; x_wconf 90' lang='lat' dir='ltr'><strong>bilitate</strong></span> <span class='ocrx_word' id='word_1_311' title='bbox 285 3829 315 3884; x_wconf 94' lang='lat' dir='ltr'><strong>in</strong></span> <span class='ocrx_word' id='word_1_312' title='bbox 331 3828 432 3899; x_wconf 89' lang='lat' dir='ltr'><strong>seipso</strong></span> <span class='ocrx_word' id='word_1_313' title='bbox 448 3842 585 3891; x_wconf 90' lang='lat' dir='ltr'><strong>manens,</strong></span> <span class='ocrx_word' id='word_1_314' title='bbox 602 3831 680 3881; x_wconf 89' lang='lat' dir='ltr'><strong>totus</strong></span> <span class='ocrx_word' id='word_1_315' title='bbox 699 3825 805 3882; x_wconf 88' lang='lat' dir='ltr'><strong>adesse</strong></span> <span class='ocrx_word' id='word_1_316' title='bbox 820 3826 906 3882; x_wconf 85' lang='lat' dir='ltr'><strong>rebus</strong></span> <span class='ocrx_word' id='word_1_317' title='bbox 921 3843 984 3883; x_wconf 87' lang='lat' dir='ltr'><strong>orn-</strong></span> 
     </span>
     <span class='ocr_line' id='line_1_43' title="bbox 155 3914 984 3990; baseline -0.005 -15"><span class='ocrx_word' id='word_1_318' title='bbox 155 3920 245 3976; x_wconf 90' lang='lat' dir='ltr'><strong>uibus</strong></span> <span class='ocrx_word' id='word_1_319' title='bbox 261 3923 366 3990; x_wconf 79' lang='lat' dir='ltr'><strong>potest,</strong></span> <span class='ocrx_word' id='word_1_320' title='bbox 382 3920 411 3972; x_wconf 88' lang='lat' dir='ltr'><strong>et</strong></span> <span class='ocrx_word' id='word_1_321' title='bbox 425 3915 550 3986; x_wconf 88' lang='lat' dir='ltr'><strong>singulis</strong></span> <span class='ocrx_word' id='word_1_322' title='bbox 564 3920 653 3979; x_wconf 90' lang='lat' dir='ltr'><strong>lotus,</strong></span> <span class='ocrx_word' id='word_1_323' title='bbox 669 3914 810 3987; x_wconf 88' lang='lat' dir='ltr'><strong>quamvis</strong></span> <span class='ocrx_word' id='word_1_324' title='bbox 829 3915 984 3986; x_wconf 90' lang='lat' dir='ltr'><strong>inquibus</strong></span> 
     </span>
     <span class='ocr_line' id='line_1_44' title="bbox 154 4004 985 4076; baseline -0.005 -12"><span class='ocrx_word' id='word_1_325' title='bbox 154 4008 281 4074; x_wconf 91' lang='lat' dir='ltr'><strong>habitat,</strong></span> <span class='ocrx_word' id='word_1_326' title='bbox 297 4007 430 4062; x_wconf 87' lang='lat' dir='ltr'><strong>habeant</strong></span> <span class='ocrx_word' id='word_1_327' title='bbox 444 4020 512 4059; x_wconf 87' lang='lat' dir='ltr'><strong>euru</strong></span> <span class='ocrx_word' id='word_1_328' title='bbox 529 4020 583 4075; x_wconf 87' lang='lat' dir='ltr'><strong>pro</strong></span> <span class='ocrx_word' id='word_1_329' title='bbox 599 4020 659 4059; x_wconf 86' lang='lat' dir='ltr'><strong>suoe</strong></span> <span class='ocrx_word' id='word_1_330' title='bbox 672 4004 848 4076; x_wconf 82' lang='lat' dir='ltr'><strong>capacitatis</strong></span> <span class='ocrx_word' id='word_1_331' title='bbox 862 4004 985 4060; x_wconf 86' lang='lat' dir='ltr'><strong>diversi·</strong></span> 
     </span>
     <span class='ocr_line' id='line_1_45' title="bbox 156 4091 985 4165; baseline -0.002 -14"><span class='ocrx_word' id='word_1_332' title='bbox 156 4101 224 4158; x_wconf 91' lang='lat' dir='ltr'><strong>tate,</strong></span> <span class='ocrx_word' id='word_1_333' title='bbox 238 4095 287 4149; x_wconf 88' lang='lat' dir='ltr'><strong>alii</strong></span> <span class='ocrx_word' id='word_1_334' title='bbox 298 4094 439 4165; x_wconf 86' lang='lat' dir='ltr'><strong>amplius,</strong></span> <span class='ocrx_word' id='word_1_335' title='bbox 450 4092 499 4148; x_wconf 89' lang='lat' dir='ltr'><strong>alii</strong></span> <span class='ocrx_word' id='word_1_336' title='bbox 512 4093 620 4161; x_wconf 89' lang='lat' dir='ltr'><strong>minus,</strong></span> <span class='ocrx_word' id='word_1_337' title='bbox 630 4109 707 4163; x_wconf 92' lang='lat' dir='ltr'><strong>quos</strong></span> <span class='ocrx_word' id='word_1_338' title='bbox 717 4093 779 4164; x_wconf 90' lang='lat' dir='ltr'><strong>ipse</strong></span> <span class='ocrx_word' id='word_1_339' title='bbox 790 4091 848 4148; x_wconf 88' lang='lat' dir='ltr'><strong>sibi</strong></span> <span class='ocrx_word' id='word_1_340' title='bbox 857 4092 985 4149; x_wconf 89' lang='lat' dir='ltr'><strong>dilectis-</strong></span> 
     </span>
     <span class='ocr_line' id='line_1_46' title="bbox 156 4178 921 4253; baseline -0.005 -16"><span class='ocrx_word' id='word_1_341' title='bbox 156 4183 266 4237; x_wconf 89' lang='lat' dir='ltr'><strong>simum</strong></span> <span class='ocrx_word' id='word_1_342' title='bbox 282 4181 427 4253; x_wconf 90' lang='lat' dir='ltr'><strong>templum</strong></span> <span class='ocrx_word' id='word_1_343' title='bbox 442 4180 537 4248; x_wconf 89' lang='lat' dir='ltr'><strong>gratia</strong></span> <span class='ocrx_word' id='word_1_344' title='bbox 549 4196 610 4234; x_wconf 87' lang='lat' dir='ltr'><strong>suae</strong></span> <span class='ocrx_word' id='word_1_345' title='bbox 626 4178 764 4237; x_wconf 88' lang='lat' dir='ltr'><strong>bonitalis</strong></span> <span class='ocrx_word' id='word_1_346' title='bbox 777 4180 921 4237; x_wconf 81' lang='lat' dir='ltr'><strong>aediticet!</strong></span> 
     </span>
    </p>

    <p class='ocr_par' dir='ltr' id='par_1_5' title="bbox 154 4267 986 5674">
     <span class='ocr_line' id='line_1_47' title="bbox 192 4267 985 4339; baseline 0.001 -13"><span class='ocrx_word' id='word_1_347' title='bbox 192 4275 237 4329; x_wconf 79' lang='lat' dir='ltr'><strong>ab.</strong></span> <span class='ocrx_word' id='word_1_348' title='bbox 247 4273 280 4326; x_wconf 87' lang='lat' dir='ltr'><strong>Et</strong></span> <span class='ocrx_word' id='word_1_349' title='bbox 289 4270 485 4326; x_wconf 90' lang='lat' dir='ltr'><strong>donationum</strong></span> <span class='ocrx_word' id='word_1_350' title='bbox 499 4267 622 4339; x_wconf 88' lang='lat' dir='ltr'><strong>quidem</strong></span> <span class='ocrx_word' id='word_1_351' title='bbox 637 4267 722 4325; x_wconf 84' lang='lat' dir='ltr'><strong>dictae</strong></span> <span class='ocrx_word' id='word_1_352' title='bbox 738 4274 807 4324; x_wconf 90' lang='lat' dir='ltr'><strong>sunt</strong></span> <span class='ocrx_word' id='word_1_353' title='bbox 822 4268 985 4326; x_wconf 85' lang='lat' dir='ltr'><strong>divisiones</strong></span> 
     </span>
     <span class='ocr_line' id='line_1_48' title="bbox 156 4356 984 4433; baseline 0 -17"><span class='ocrx_word' id='word_1_354' title='bbox 156 4364 302 4433; x_wconf 86' lang='lat' dir='ltr'><strong>tanquam</strong></span> <span class='ocrx_word' id='word_1_355' title='bbox 313 4375 366 4432; x_wconf 90' lang='lat' dir='ltr'><strong>per</strong></span> <span class='ocrx_word' id='word_1_356' title='bbox 379 4362 478 4429; x_wconf 89' lang='lat' dir='ltr'><strong>partes</strong></span> <span class='ocrx_word' id='word_1_357' title='bbox 489 4362 516 4413; x_wconf 89' lang='lat' dir='ltr'><strong>et</strong></span> <span class='ocrx_word' id='word_1_358' title='bbox 527 4356 661 4413; x_wconf 86' lang='lat' dir='ltr'><strong>membra</strong></span> <span class='ocrx_word' id='word_1_359' title='bbox 676 4358 766 4413; x_wconf 92' lang='lat' dir='ltr'><strong>unius</strong></span> <span class='ocrx_word' id='word_1_360' title='bbox 777 4360 920 4430; x_wconf 86' lang='lat' dir='ltr'><strong>corporis,</strong></span> <span class='ocrx_word' id='word_1_361' title='bbox 934 4360 984 4416; x_wconf 93' lang='lat' dir='ltr'><strong>ubi</strong></span> 
     </span>
     <span class='ocr_line' id='line_1_49' title="bbox 155 4447 985 4519; baseline -0.002 -13"><span class='ocrx_word' id='word_1_362' title='bbox 155 4454 184 4506; x_wconf 90' lang='lat' dir='ltr'><strong>et</strong></span> <span class='ocrx_word' id='word_1_363' title='bbox 198 4449 286 4505; x_wconf 91' lang='lat' dir='ltr'><strong>simul</strong></span> <span class='ocrx_word' id='word_1_364' title='bbox 298 4463 405 4504; x_wconf 91' lang='lat' dir='ltr'><strong>omnes</strong></span> <span class='ocrx_word' id='word_1_365' title='bbox 419 4462 513 4503; x_wconf 91' lang='lat' dir='ltr'><strong>unum</strong></span> <span class='ocrx_word' id='word_1_366' title='bbox 529 4447 685 4518; x_wconf 87' lang='lat' dir='ltr'><strong>templum,</strong></span> <span class='ocrx_word' id='word_1_367' title='bbox 699 4451 727 4502; x_wconf 88' lang='lat' dir='ltr'><strong>et</strong></span> <span class='ocrx_word' id='word_1_368' title='bbox 742 4447 851 4516; x_wconf 81' lang='lat' dir='ltr'><strong>singuli</strong></span> <span class='ocrx_word' id='word_1_369' title='bbox 866 4448 985 4519; x_wconf 90' lang='lat' dir='ltr'><strong>singula</strong></span> 
     </span>
     <span class='ocr_line' id='line_1_50' title="bbox 156 4534 985 4611; baseline -0.004 -15"><span class='ocrx_word' id='word_1_370' title='bbox 156 4538 270 4611; x_wconf 89' lang='lat' dir='ltr'><strong>templa</strong></span> <span class='ocrx_word' id='word_1_371' title='bbox 282 4553 405 4607; x_wconf 76' lang='lat' dir='ltr'><strong>sumus3</strong></span> <span class='ocrx_word' id='word_1_372' title='bbox 417 4535 488 4609; x_wconf 89' lang='lat' dir='ltr'><strong>quia</strong></span> <span class='ocrx_word' id='word_1_373' title='bbox 498 4550 559 4591; x_wconf 92' lang='lat' dir='ltr'><strong>non</strong></span> <span class='ocrx_word' id='word_1_374' title='bbox 570 4534 733 4591; x_wconf 89' lang='lat' dir='ltr'><strong>estDeusin</strong></span> <span class='ocrx_word' id='word_1_375' title='bbox 742 4534 881 4592; x_wconf 87' lang='lat' dir='ltr'><strong>erunibus</strong></span> <span class='ocrx_word' id='word_1_376' title='bbox 890 4553 985 4611; x_wconf 91' lang='lat' dir='ltr'><strong>quam</strong></span> 
     </span>
     <span class='ocr_line' id='line_1_51' title="bbox 155 4623 984 4698; baseline 0.001 -16"><span class='ocrx_word' id='word_1_377' title='bbox 155 4627 187 4684; x_wconf 91' lang='lat' dir='ltr'><strong>in</strong></span> <span class='ocrx_word' id='word_1_378' title='bbox 201 4626 327 4697; x_wconf 88' lang='lat' dir='ltr'><strong>siugulis</strong></span> <span class='ocrx_word' id='word_1_379' title='bbox 343 4626 458 4696; x_wconf 88' lang='lat' dir='ltr'><strong>major:</strong></span> <span class='ocrx_word' id='word_1_380' title='bbox 475 4629 504 4680; x_wconf 91' lang='lat' dir='ltr'><strong>et</strong></span> <span class='ocrx_word' id='word_1_381' title='bbox 517 4624 551 4680; x_wconf 85' lang='lat' dir='ltr'><strong>iit</strong></span> <span class='ocrx_word' id='word_1_382' title='bbox 560 4623 737 4696; x_wconf 90' lang='lat' dir='ltr'><strong>plerumque</strong></span> <span class='ocrx_word' id='word_1_383' title='bbox 753 4629 785 4682; x_wconf 88' lang='lat' dir='ltr'><strong>ut</strong></span> <span class='ocrx_word' id='word_1_384' title='bbox 804 4625 984 4698; x_wconf 88' lang='lat' dir='ltr'><strong>plureseum</strong></span> 
     </span>
     <span class='ocr_line' id='line_1_52' title="bbox 157 4713 985 4787; baseline -0.001 -14"><span class='ocrx_word' id='word_1_385' title='bbox 157 4718 260 4773; x_wconf 87' lang='lat' dir='ltr'><strong>minus</strong></span> <span class='ocrx_word' id='word_1_386' title='bbox 276 4715 406 4787; x_wconf 89' lang='lat' dir='ltr'><strong>capiant,</strong></span> <span class='ocrx_word' id='word_1_387' title='bbox 423 4730 501 4769; x_wconf 89' lang='lat' dir='ltr'><strong>unus</strong></span> <span class='ocrx_word' id='word_1_388' title='bbox 524 4713 664 4785; x_wconf 89' lang='lat' dir='ltr'><strong>amplius.</strong></span> <span class='ocrx_word' id='word_1_389' title='bbox 692 4713 749 4770; x_wconf 89' lang='lat' dir='ltr'><strong>Sed</strong></span> <span class='ocrx_word' id='word_1_390' title='bbox 769 4731 838 4770; x_wconf 89' lang='lat' dir='ltr'><strong>cum</strong></span> <span class='ocrx_word' id='word_1_391' title='bbox 861 4716 985 4772; x_wconf 86' lang='lat' dir='ltr'><strong>dixisset</strong></span> 
     </span>
     <span class='ocr_line' id='line_1_53' title="bbox 157 4802 986 4878; baseline -0.002 -16"><span class='ocrx_word' id='word_1_392' title='bbox 157 4804 328 4878; x_wconf 78' lang='lat' dir='ltr'><strong>Apostolus,</strong></span> <span class='ocrx_word' id='word_1_393' title='bbox 344 4803 502 4858; x_wconf 82' lang='lat' dir='ltr'><strong>Diuisioaes</strong></span> <span class='ocrx_word' id='word_1_394' title='bbox 513 4809 611 4858; x_wconf 86' lang='lat' dir='ltr'><strong>autem</strong></span> <span class='ocrx_word' id='word_1_395' title='bbox 622 4802 815 4860; x_wconf 83' lang='lat' dir='ltr'><strong>donationum</strong></span> <span class='ocrx_word' id='word_1_396' title='bbox 823 4810 906 4871; x_wconf 83' lang='lat' dir='ltr'><strong>saat;</strong></span> <span class='ocrx_word' id='word_1_397' title='bbox 916 4821 986 4860; x_wconf 90' lang='lat' dir='ltr'><strong>cou-</strong></span> 
     </span>
     <span class='ocr_line' id='line_1_54' title="bbox 155 4890 984 4962; baseline -0.002 -11"><span class='ocrx_word' id='word_1_398' title='bbox 155 4896 240 4957; x_wconf 87' lang='lat' dir='ltr'><strong>tinuo</strong></span> <span class='ocrx_word' id='word_1_399' title='bbox 260 4891 397 4962; x_wconf 85' lang='lat' dir='ltr'><strong>subjecit,</strong></span> <span class='ocrx_word' id='word_1_400' title='bbox 414 4891 491 4947; x_wconf 86' lang='lat' dir='ltr'><strong>Idem</strong></span> <span class='ocrx_word' id='word_1_401' title='bbox 521 4896 616 4946; x_wconf 85' lang='lat' dir='ltr'><strong>autem</strong></span> <span class='ocrx_word' id='word_1_402' title='bbox 642 4890 795 4961; x_wconf 75' lang='lat' dir='ltr'><strong>Sub-itus:</strong></span> <span class='ocrx_word' id='word_1_403' title='bbox 818 4893 888 4949; x_wconf 90' lang='lat' dir='ltr'><strong>item</strong></span> <span class='ocrx_word' id='word_1_404' title='bbox 915 4909 984 4949; x_wconf 91' lang='lat' dir='ltr'><strong>cum</strong></span> 
     </span>
     <span class='ocr_line' id='line_1_55' title="bbox 155 4978 985 5056; baseline -0.001 -16"><span class='ocrx_word' id='word_1_405' title='bbox 155 4984 235 5056; x_wconf 84' lang='lat' dir='ltr'><strong>ipsas</strong></span> <span class='ocrx_word' id='word_1_406' title='bbox 243 4980 440 5037; x_wconf 90' lang='lat' dir='ltr'><strong>donationum</strong></span> <span class='ocrx_word' id='word_1_407' title='bbox 452 4978 886 5037; x_wconf 85' lang='lat' dir='ltr'><strong>divisionescommemorasset</strong></span> <span class='ocrx_word' id='word_1_408' title='bbox 898 5004 904 5049; x_wconf 88' lang='lat'>;</span> <span class='ocrx_word' id='word_1_409' title='bbox 918 4982 985 5039; x_wconf 89' lang='lat' dir='ltr'><strong>Om-</strong></span> 
     </span>
     <span class='ocr_line' id='line_1_56' title="bbox 157 5067 984 5143; baseline -0.001 -13"><span class='ocrx_word' id='word_1_410' title='bbox 157 5074 208 5130; x_wconf 81' lang='lat' dir='ltr'><strong>nia</strong></span> <span class='ocrx_word' id='word_1_411' title='bbox 223 5078 322 5129; x_wconf 84' lang='lat' dir='ltr'><strong>autem</strong></span> <span class='ocrx_word' id='word_1_412' title='bbox 336 5071 407 5133; x_wconf 76' lang='lat' dir='ltr'><strong>hac,</strong></span> <span class='ocrx_word' id='word_1_413' title='bbox 428 5067 533 5140; x_wconf 91' lang='lat' dir='ltr'><strong>inquit,</strong></span> <span class='ocrx_word' id='word_1_414' title='bbox 550 5075 693 5137; x_wconf 81' lang='lat' dir='ltr'><strong>operatur</strong></span> <span class='ocrx_word' id='word_1_415' title='bbox 712 5085 789 5125; x_wconf 76' lang='lat' dir='ltr'><strong>araus</strong></span> <span class='ocrx_word' id='word_1_416' title='bbox 804 5077 893 5143; x_wconf 84' lang='lat' dir='ltr'><strong>atque</strong></span> <span class='ocrx_word' id='word_1_417' title='bbox 911 5071 984 5129; x_wconf 84' lang='lat' dir='ltr'><strong>idem</strong></span> 
     </span>
     <span class='ocr_line' id='line_1_57' title="bbox 154 5158 984 5232; baseline -0.002 -14"><span class='ocrx_word' id='word_1_418' title='bbox 154 5161 297 5232; x_wconf 82' lang='lat' dir='ltr'><strong>Spiritus,</strong></span> <span class='ocrx_word' id='word_1_419' title='bbox 319 5158 452 5215; x_wconf 81' lang='lat' dir='ltr'><strong>dictaeos</strong></span> <span class='ocrx_word' id='word_1_420' title='bbox 479 5158 603 5225; x_wconf 78' lang='lat' dir='ltr'><strong>propria</strong></span> <span class='ocrx_word' id='word_1_421' title='bbox 626 5158 787 5229; x_wconf 84' lang='lat' dir='ltr'><strong>uuicuique</strong></span> <span class='ocrx_word' id='word_1_422' title='bbox 809 5166 899 5228; x_wconf 81' lang='lat' dir='ltr'><strong>prout</strong></span> <span class='ocrx_word' id='word_1_423' title='bbox 919 5163 984 5217; x_wconf 87' lang='lat' dir='ltr'><strong>vult</strong></span> 
     </span>
     <span class='ocr_line' id='line_1_58' title="bbox 156 5246 983 5324; baseline -0.004 -16"><span class='ocrx_word' id='word_1_424' title='bbox 156 5253 177 5324; x_wconf 87' lang='lat' dir='ltr'><strong>(t</strong></span> <span class='ocrx_word' id='word_1_425' title='bbox 190 5253 322 5313; x_wconf 64' lang='lat' dir='ltr'><strong>Comaru,</strong></span> <span class='ocrx_word' id='word_1_426' title='bbox 339 5251 365 5314; x_wconf 80' lang='lat'><strong>4,</strong></span> <span class='ocrx_word' id='word_1_427' title='bbox 382 5249 438 5317; x_wconf 87' lang='lat' dir='ltr'><strong>tl).</strong></span> <span class='ocrx_word' id='word_1_428' title='bbox 457 5246 595 5301; x_wconf 84' lang='lat' dir='ltr'><strong>bivtdens</strong></span> <span class='ocrx_word' id='word_1_429' title='bbox 611 5260 692 5315; x_wconf 89' lang='lat' dir='ltr'><strong>ergo,</strong></span> <span class='ocrx_word' id='word_1_430' title='bbox 712 5262 774 5302; x_wconf 90' lang='lat' dir='ltr'><strong>non</strong></span> <span class='ocrx_word' id='word_1_431' title='bbox 785 5248 848 5320; x_wconf 88' lang='lat' dir='ltr'><strong>ipse</strong></span> <span class='ocrx_word' id='word_1_432' title='bbox 859 5248 983 5319; x_wconf 82' lang='lat' dir='ltr'><strong>divisus,</strong></span> 
     </span>
     <span class='ocr_line' id='line_1_59' title="bbox 156 5334 985 5411; baseline 0.002 -19"><span class='ocrx_word' id='word_1_433' title='bbox 156 5334 985 5411; x_wconf 79' lang='lat' dir='ltr'><strong>quiaipseunusatqueidem.lllmverodivisionesdictm</strong></span> 
     </span>
     <span class='ocr_line' id='line_1_60' title="bbox 158 5424 985 5496; baseline 0.001 -14"><span class='ocrx_word' id='word_1_434' title='bbox 158 5433 238 5492; x_wconf 90' lang='lat' dir='ltr'><strong>sunt,</strong></span> <span class='ocrx_word' id='word_1_435' title='bbox 249 5428 326 5482; x_wconf 89' lang='lat' dir='ltr'><strong>sicut</strong></span> <span class='ocrx_word' id='word_1_436' title='bbox 337 5426 541 5481; x_wconf 90' lang='lat' dir='ltr'><strong>membrorum</strong></span> <span class='ocrx_word' id='word_1_437' title='bbox 553 5424 580 5478; x_wconf 90' lang='lat' dir='ltr'><strong>io</strong></span> <span class='ocrx_word' id='word_1_438' title='bbox 597 5440 719 5496; x_wconf 88' lang='lat' dir='ltr'><strong>corpore</strong></span> <span class='ocrx_word' id='word_1_439' title='bbox 732 5445 738 5489; x_wconf 84' lang='lat'><strong>;</strong></span> <span class='ocrx_word' id='word_1_440' title='bbox 750 5425 822 5495; x_wconf 90' lang='lat' dir='ltr'><strong>quia</strong></span> <span class='ocrx_word' id='word_1_441' title='bbox 835 5441 895 5481; x_wconf 92' lang='lat' dir='ltr'><strong>non</strong></span> <span class='ocrx_word' id='word_1_442' title='bbox 904 5426 985 5483; x_wconf 88' lang='lat' dir='ltr'><strong>idern</strong></span> 
     </span>
     <span class='ocr_line' id='line_1_61' title="bbox 157 5512 986 5586; baseline 0.001 -15"><span class='ocrx_word' id='word_1_443' title='bbox 157 5514 257 5571; x_wconf 81' lang='lat' dir='ltr'><strong>valent</strong></span> <span class='ocrx_word' id='word_1_444' title='bbox 272 5530 358 5571; x_wconf 87' lang='lat' dir='ltr'><strong>aures</strong></span> <span class='ocrx_word' id='word_1_445' title='bbox 373 5514 455 5586; x_wconf 87' lang='lat' dir='ltr'><strong>quod</strong></span> <span class='ocrx_word' id='word_1_446' title='bbox 468 5513 555 5577; x_wconf 91' lang='lat' dir='ltr'><strong>oculi,</strong></span> <span class='ocrx_word' id='word_1_447' title='bbox 572 5517 662 5586; x_wconf 91' lang='lat' dir='ltr'><strong>atque</strong></span> <span class='ocrx_word' id='word_1_448' title='bbox 674 5512 714 5569; x_wconf 90' lang='lat' dir='ltr'><strong>ita</strong></span> <span class='ocrx_word' id='word_1_449' title='bbox 729 5514 866 5570; x_wconf 90' lang='lat' dir='ltr'><strong>membra</strong></span> <span class='ocrx_word' id='word_1_450' title='bbox 880 5521 986 5573; x_wconf 81' lang='lat' dir='ltr'><strong>cratera</strong></span> 
     </span>
     <span class='ocr_line' id='line_1_62' title="bbox 157 5600 984 5674; baseline 0.002 -13"><span class='ocrx_word' id='word_1_451' title='bbox 157 5602 285 5661; x_wconf 81' lang='lat' dir='ltr'><strong>diversis</strong></span> <span class='ocrx_word' id='word_1_452' title='bbox 297 5601 404 5658; x_wconf 87' lang='lat' dir='ltr'><strong>ciliciis</strong></span> <span class='ocrx_word' id='word_1_453' title='bbox 418 5601 602 5658; x_wconf 88' lang='lat' dir='ltr'><strong>concorditer</strong></span> <span class='ocrx_word' id='word_1_454' title='bbox 614 5600 788 5659; x_wconf 87' lang='lat' dir='ltr'><strong>distributa:</strong></span> <span class='ocrx_word' id='word_1_455' title='bbox 804 5618 871 5674; x_wconf 79' lang='lat' dir='ltr'><strong>quae</strong></span> <span class='ocrx_word' id='word_1_456' title='bbox 885 5609 984 5663; x_wconf 90' lang='lat' dir='ltr'><strong>tamen</strong></span> 
     </span>
    </p>
   </div>
   <div class='ocr_carea' id='block_1_4' title="bbox 800 127 1226 197">
    <p class='ocr_par' dir='ltr' id='par_1_6' title="bbox 800 127 1226 197">
     <span class='ocr_line' id='line_1_63' title="bbox 800 127 1226 197; baseline 0.005 -4"><span class='ocrx_word' id='word_1_457' title='bbox 800 138 831 194; x_wconf 81' lang='lat' dir='ltr'><strong>S.</strong></span> <span class='ocrx_word' id='word_1_458' title='bbox 851 136 1044 196; x_wconf 84' lang='lat' dir='ltr'><strong>AUGUSTINI</strong></span> <span class='ocrx_word' id='word_1_459' title='bbox 1064 127 1226 197; x_wconf 73' lang='lat' dir='ltr'>EPISCOPI</span> 
     </span>
    </p>
   </div>
   <div class='ocr_carea' id='block_1_5' title="bbox 1814 142 1866 201">
    <p class='ocr_par' dir='ltr' id='par_1_7' title="bbox 1814 142 1866 201">
     <span class='ocr_line' id='line_1_64' title="bbox 1814 142 1866 201; baseline 0 0"><span class='ocrx_word' id='word_1_460' title='bbox 1814 142 1866 201; x_wconf 81' lang='lat' dir='ltr'><strong>tto</strong></span> 
     </span>
    </p>
   </div>
   <div class='ocr_carea' id='block_1_6' title="bbox 1039 263 1879 5683">
    <p class='ocr_par' dir='ltr' id='par_1_8' title="bbox 1040 263 1878 1135">
     <span class='ocr_line' id='line_1_65' title="bbox 1040 263 1873 337; baseline 0.007 -19"><span class='ocrx_word' id='word_1_461' title='bbox 1040 264 1190 320; x_wconf 85' lang='lat' dir='ltr'><strong>cumeani</strong></span> <span class='ocrx_word' id='word_1_462' title='bbox 1206 279 1323 335; x_wconf 89' lang='lat' dir='ltr'><strong>sumus,</strong></span> <span class='ocrx_word' id='word_1_463' title='bbox 1343 279 1414 331; x_wconf 88' lang='lat' dir='ltr'><strong>una,</strong></span> <span class='ocrx_word' id='word_1_464' title='bbox 1439 279 1537 337; x_wconf 91' lang='lat' dir='ltr'><strong>neque</strong></span> <span class='ocrx_word' id='word_1_465' title='bbox 1558 263 1688 333; x_wconf 85' lang='lat' dir='ltr'><strong>diversa,</strong></span> <span class='ocrx_word' id='word_1_466' title='bbox 1715 279 1774 322; x_wconf 90' lang='lat' dir='ltr'><strong>nec</strong></span> <span class='ocrx_word' id='word_1_467' title='bbox 1801 266 1873 323; x_wconf 88' lang='lat' dir='ltr'><strong>alibi</strong></span> 
     </span>
     <span class='ocr_line' id='line_1_66' title="bbox 1040 352 1875 426; baseline 0.004 -18"><span class='ocrx_word' id='word_1_468' title='bbox 1040 352 1165 424; x_wconf 84' lang='lat' dir='ltr'><strong>majore,</strong></span> <span class='ocrx_word' id='word_1_469' title='bbox 1182 353 1253 409; x_wconf 91' lang='lat' dir='ltr'><strong>alibi</strong></span> <span class='ocrx_word' id='word_1_470' title='bbox 1265 355 1391 422; x_wconf 87' lang='lat' dir='ltr'><strong>minore,</strong></span> <span class='ocrx_word' id='word_1_471' title='bbox 1412 354 1465 409; x_wconf 91' lang='lat' dir='ltr'><strong>sed</strong></span> <span class='ocrx_word' id='word_1_472' title='bbox 1480 370 1549 409; x_wconf 90' lang='lat' dir='ltr'><strong>cum</strong></span> <span class='ocrx_word' id='word_1_473' title='bbox 1566 354 1625 410; x_wconf 89' lang='lat' dir='ltr'><strong>sint</strong></span> <span class='ocrx_word' id='word_1_474' title='bbox 1641 353 1707 426; x_wconf 87' lang='lat' dir='ltr'><strong>ipsa</strong></span> <span class='ocrx_word' id='word_1_475' title='bbox 1723 353 1875 423; x_wconf 85' lang='lat' dir='ltr'><strong>disparia,</strong></span> 
     </span>
     <span class='ocr_line' id='line_1_67' title="bbox 1040 442 1876 517; baseline 0.005 -21"><span class='ocrx_word' id='word_1_476' title='bbox 1040 442 1193 498; x_wconf 90' lang='lat' dir='ltr'><strong>communi</strong></span> <span class='ocrx_word' id='word_1_477' title='bbox 1205 447 1232 498; x_wconf 90' lang='lat' dir='ltr'><strong>et</strong></span> <span class='ocrx_word' id='word_1_478' title='bbox 1244 443 1328 513; x_wconf 91' lang='lat' dir='ltr'><strong>parili</strong></span> <span class='ocrx_word' id='word_1_479' title='bbox 1342 442 1436 499; x_wconf 82' lang='lat' dir='ltr'><strong>sabae</strong></span> <span class='ocrx_word' id='word_1_480' title='bbox 1447 444 1649 513; x_wconf 88' lang='lat' dir='ltr'><strong>congaudent.</strong></span> <span class='ocrx_word' id='word_1_481' title='bbox 1662 444 1754 514; x_wconf 86' lang='lat' dir='ltr'><strong>Hujus</strong></span> <span class='ocrx_word' id='word_1_482' title='bbox 1769 459 1876 517; x_wconf 91' lang='lat' dir='ltr'><strong>corpo·</strong></span> 
     </span>
     <span class='ocr_line' id='line_1_68' title="bbox 1040 531 1876 605; baseline 0.004 -19"><span class='ocrx_word' id='word_1_483' title='bbox 1040 531 1079 586; x_wconf 87' lang='lat' dir='ltr'><strong>ris</strong></span> <span class='ocrx_word' id='word_1_484' title='bbox 1095 535 1186 603; x_wconf 90' lang='lat' dir='ltr'><strong>caput</strong></span> <span class='ocrx_word' id='word_1_485' title='bbox 1198 536 1243 586; x_wconf 87' lang='lat' dir='ltr'><strong>est</strong></span> <span class='ocrx_word' id='word_1_486' title='bbox 1258 532 1401 597; x_wconf 85' lang='lat' dir='ltr'><strong>Christus,</strong></span> <span class='ocrx_word' id='word_1_487' title='bbox 1412 532 1502 602; x_wconf 86' lang='lat' dir='ltr'><strong>hujus</strong></span> <span class='ocrx_word' id='word_1_488' title='bbox 1515 533 1647 605; x_wconf 86' lang='lat' dir='ltr'><strong>corporis</strong></span> <span class='ocrx_word' id='word_1_489' title='bbox 1661 533 1761 588; x_wconf 90' lang='lat' dir='ltr'><strong>unitas</strong></span> <span class='ocrx_word' id='word_1_490' title='bbox 1770 540 1876 590; x_wconf 88' lang='lat' dir='ltr'><strong>nostro</strong></span> 
     </span>
     <span class='ocr_line' id='line_1_69' title="bbox 1040 620 1877 693; baseline 0.004 -19"><span class='ocrx_word' id='word_1_491' title='bbox 1040 620 1186 677; x_wconf 88' lang='lat' dir='ltr'><strong>sacrificio</strong></span> <span class='ocrx_word' id='word_1_492' title='bbox 1200 620 1446 677; x_wconf 87' lang='lat' dir='ltr'><strong>commendatur:</strong></span> <span class='ocrx_word' id='word_1_493' title='bbox 1459 621 1540 693; x_wconf 89' lang='lat' dir='ltr'><strong>quod</strong></span> <span class='ocrx_word' id='word_1_494' title='bbox 1553 620 1681 677; x_wconf 85' lang='lat' dir='ltr'><strong>breviter</strong></span> <span class='ocrx_word' id='word_1_495' title='bbox 1692 621 1877 691; x_wconf 78' lang='lat' dir='ltr'><strong>significarit</strong></span> 
     </span>
     <span class='ocr_line' id='line_1_70' title="bbox 1040 709 1875 781; baseline 0.004 -17"><span class='ocrx_word' id='word_1_496' title='bbox 1040 709 1208 780; x_wconf 82' lang='lat' dir='ltr'><strong>Apostolus,</strong></span> <span class='ocrx_word' id='word_1_497' title='bbox 1224 710 1336 776; x_wconf 90' lang='lat' dir='ltr'><strong>dicens,</strong></span> <span class='ocrx_word' id='word_1_498' title='bbox 1354 712 1434 767; x_wconf 77' lang='lat' dir='ltr'><strong>Ursus</strong></span> <span class='ocrx_word' id='word_1_499' title='bbox 1445 712 1645 780; x_wconf 73' lang='lat' dir='ltr'><strong>pantaenum</strong></span> <span class='ocrx_word' id='word_1_500' title='bbox 1660 727 1768 781; x_wconf 83' lang='lat' dir='ltr'><strong>eorpus</strong></span> <span class='ocrx_word' id='word_1_501' title='bbox 1783 713 1875 768; x_wconf 75' lang='lat' dir='ltr'><strong>aaulti</strong></span> 
     </span>
     <span class='ocr_line' id='line_1_71' title="bbox 1040 800 1878 872; baseline 0.005 -19"><span class='ocrx_word' id='word_1_502' title='bbox 1040 814 1141 854; x_wconf 79' lang='lat' dir='ltr'><strong>sunaus</strong></span> <span class='ocrx_word' id='word_1_503' title='bbox 1156 800 1177 870; x_wconf 94' lang='lat' dir='ltr'><strong>(t</strong></span> <span class='ocrx_word' id='word_1_504' title='bbox 1194 801 1261 855; x_wconf 84' lang='lat' dir='ltr'><strong>Cor.</strong></span> <span class='ocrx_word' id='word_1_505' title='bbox 1283 817 1310 865; x_wconf 76' lang='grc' dir='ltr'><strong>ι,</strong></span> <span class='ocrx_word' id='word_1_506' title='bbox 1326 800 1379 870; x_wconf 77' lang='lat' dir='ltr'><strong>ll).</strong></span> <span class='ocrx_word' id='word_1_507' title='bbox 1405 801 1459 855; x_wconf 86' lang='lat' dir='ltr'><strong>Per</strong></span> <span class='ocrx_word' id='word_1_508' title='bbox 1479 806 1570 872; x_wconf 92' lang='lat' dir='ltr'><strong>caput</strong></span> <span class='ocrx_word' id='word_1_509' title='bbox 1593 805 1728 856; x_wconf 90' lang='lat' dir='ltr'><strong>nostrum</strong></span> <span class='ocrx_word' id='word_1_510' title='bbox 1743 800 1878 857; x_wconf 88' lang='lat' dir='ltr'><strong>reconci-</strong></span> 
     </span>
     <span class='ocr_line' id='line_1_72' title="bbox 1040 885 1878 960; baseline 0.005 -18"><span class='ocrx_word' id='word_1_511' title='bbox 1040 885 1150 943; x_wconf 91' lang='lat' dir='ltr'><strong>liamur</strong></span> <span class='ocrx_word' id='word_1_512' title='bbox 1161 888 1230 959; x_wconf 87' lang='lat' dir='ltr'><strong>Deo,</strong></span> <span class='ocrx_word' id='word_1_513' title='bbox 1242 889 1314 960; x_wconf 89' lang='lat' dir='ltr'><strong>quia</strong></span> <span class='ocrx_word' id='word_1_514' title='bbox 1325 888 1354 944; x_wconf 89' lang='lat' dir='ltr'><strong>in</strong></span> <span class='ocrx_word' id='word_1_515' title='bbox 1367 888 1416 944; x_wconf 87' lang='lat' dir='ltr'><strong>illo</strong></span> <span class='ocrx_word' id='word_1_516' title='bbox 1428 893 1474 944; x_wconf 92' lang='lat' dir='ltr'><strong>est</strong></span> <span class='ocrx_word' id='word_1_517' title='bbox 1484 888 1624 945; x_wconf 85' lang='lat' dir='ltr'><strong>diviuitas</strong></span> <span class='ocrx_word' id='word_1_518' title='bbox 1637 889 1786 960; x_wconf 91' lang='lat' dir='ltr'><strong>Unigeniti</strong></span> <span class='ocrx_word' id='word_1_519' title='bbox 1797 890 1878 946; x_wconf 89' lang='lat' dir='ltr'><strong>facta</strong></span> 
     </span>
     <span class='ocr_line' id='line_1_73' title="bbox 1041 976 1877 1051; baseline 0.005 -20"><span class='ocrx_word' id='word_1_520' title='bbox 1041 976 1189 1048; x_wconf 89' lang='lat' dir='ltr'><strong>particeps</strong></span> <span class='ocrx_word' id='word_1_521' title='bbox 1210 977 1397 1033; x_wconf 89' lang='lat' dir='ltr'><strong>mortalitatis</strong></span> <span class='ocrx_word' id='word_1_522' title='bbox 1418 982 1539 1046; x_wconf 83' lang='lat' dir='ltr'><strong>nostroe,</strong></span> <span class='ocrx_word' id='word_1_523' title='bbox 1556 983 1587 1033; x_wconf 91' lang='lat' dir='ltr'><strong>ut</strong></span> <span class='ocrx_word' id='word_1_524' title='bbox 1601 981 1630 1034; x_wconf 87' lang='lat' dir='ltr'><strong>et</strong></span> <span class='ocrx_word' id='word_1_525' title='bbox 1643 993 1697 1035; x_wconf 90' lang='lat' dir='ltr'><strong>nos</strong></span> <span class='ocrx_word' id='word_1_526' title='bbox 1714 978 1877 1051; x_wconf 87' lang='lat' dir='ltr'><strong>participes</strong></span> 
     </span>
     <span class='ocr_line' id='line_1_74' title="bbox 1041 1065 1515 1135; baseline 0.004 -14"><span class='ocrx_word' id='word_1_527' title='bbox 1041 1065 1106 1135; x_wconf 84' lang='lat' dir='ltr'><strong>ejus</strong></span> <span class='ocrx_word' id='word_1_528' title='bbox 1122 1065 1353 1123; x_wconf 89' lang='lat' dir='ltr'><strong>immortalitatis</strong></span> <span class='ocrx_word' id='word_1_529' title='bbox 1367 1082 1515 1123; x_wconf 90' lang='lat' dir='ltr'><strong>essemus.</strong></span> 
     </span>
    </p>

    <p class='ocr_par' dir='ltr' id='par_1_9' title="bbox 1042 1155 1879 3093">
     <span class='ocr_line' id='line_1_75' title="bbox 1077 1155 1878 1229; baseline 0.006 -21"><span class='ocrx_word' id='word_1_530' title='bbox 1077 1156 1120 1208; x_wconf 79' lang='lat' dir='ltr'><strong>et.</strong></span> <span class='ocrx_word' id='word_1_531' title='bbox 1136 1156 1195 1210; x_wconf 83' lang='lat' dir='ltr'><strong>Hoc</strong></span> <span class='ocrx_word' id='word_1_532' title='bbox 1209 1160 1433 1211; x_wconf 88' lang='lat' dir='ltr'><strong>sacramentum</strong></span> <span class='ocrx_word' id='word_1_533' title='bbox 1443 1155 1878 1229; x_wconf 88' lang='lat' dir='ltr'><strong>longeestacordtbossapien-</strong></span> 
     </span>
     <span class='ocr_line' id='line_1_76' title="bbox 1042 1242 1879 1319; baseline 0.005 -20"><span class='ocrx_word' id='word_1_534' title='bbox 1042 1242 1116 1299; x_wconf 90' lang='lat' dir='ltr'><strong>tium</strong></span> <span class='ocrx_word' id='word_1_535' title='bbox 1125 1244 1335 1316; x_wconf 88' lang='lat' dir='ltr'><strong>superborum,</strong></span> <span class='ocrx_word' id='word_1_536' title='bbox 1344 1250 1371 1300; x_wconf 89' lang='lat' dir='ltr'><strong>el</strong></span> <span class='ocrx_word' id='word_1_537' title='bbox 1380 1244 1447 1300; x_wconf 89' lang='lat' dir='ltr'><strong>ideo</strong></span> <span class='ocrx_word' id='word_1_538' title='bbox 1456 1245 1767 1310; x_wconf 90' lang='lat' dir='ltr'><strong>nonchristiauorum,</strong></span> <span class='ocrx_word' id='word_1_539' title='bbox 1780 1262 1815 1302; x_wconf 92' lang='lat' dir='ltr'><strong>ac</strong></span> <span class='ocrx_word' id='word_1_540' title='bbox 1824 1262 1879 1319; x_wconf 91' lang='lat' dir='ltr'><strong>per</strong></span> 
     </span>
     <span class='ocr_line' id='line_1_77' title="bbox 1042 1330 1878 1407; baseline 0.006 -20"><span class='ocrx_word' id='word_1_541' title='bbox 1042 1330 1160 1387; x_wconf 91' lang='lat' dir='ltr'><strong>hocnec</strong></span> <span class='ocrx_word' id='word_1_542' title='bbox 1170 1333 1436 1405; x_wconf 80' lang='lat' dir='ltr'><strong>veresapieutium.</strong></span> <span class='ocrx_word' id='word_1_543' title='bbox 1448 1332 1567 1389; x_wconf 91' lang='lat' dir='ltr'><strong>lllorum</strong></span> <span class='ocrx_word' id='word_1_544' title='bbox 1577 1333 1667 1390; x_wconf 87' lang='lat' dir='ltr'><strong>etiam</strong></span> <span class='ocrx_word' id='word_1_545' title='bbox 1676 1335 1744 1391; x_wconf 92' lang='lat' dir='ltr'><strong>dico</strong></span> <span class='ocrx_word' id='word_1_546' title='bbox 1756 1336 1878 1407; x_wconf 88' lang='lat' dir='ltr'><strong>sapien·</strong></span> 
     </span>
     <span class='ocr_line' id='line_1_78' title="bbox 1043 1421 1877 1495; baseline 0.005 -19"><span class='ocrx_word' id='word_1_547' title='bbox 1043 1421 1117 1477; x_wconf 91' lang='lat' dir='ltr'><strong>tium</strong></span> <span class='ocrx_word' id='word_1_548' title='bbox 1135 1421 1186 1492; x_wconf 91' lang='lat' dir='ltr'><strong>qui</strong></span> <span class='ocrx_word' id='word_1_549' title='bbox 1206 1428 1411 1490; x_wconf 84' lang='lat' dir='ltr'><strong>cognoverunt</strong></span> <span class='ocrx_word' id='word_1_550' title='bbox 1430 1422 1525 1478; x_wconf 88' lang='lat' dir='ltr'><strong>Deum</strong></span> <span class='ocrx_word' id='word_1_551' title='bbox 1544 1439 1551 1490; x_wconf 89' lang='lat'>;</span> <span class='ocrx_word' id='word_1_552' title='bbox 1573 1423 1642 1494; x_wconf 85' lang='lat' dir='ltr'><strong>qaia</strong></span> <span class='ocrx_word' id='word_1_553' title='bbox 1665 1431 1877 1495; x_wconf 73' lang='lat' dir='ltr'><strong>coacescentcs</strong></span> 
     </span>
     <span class='ocr_line' id='line_1_79' title="bbox 1042 1510 1877 1584; baseline 0.007 -19"><span class='ocrx_word' id='word_1_554' title='bbox 1042 1511 1147 1575; x_wconf 85' lang='lat' dir='ltr'><strong>Deum,</strong></span> <span class='ocrx_word' id='word_1_555' title='bbox 1165 1512 1240 1567; x_wconf 88' lang='lat' dir='ltr'><strong>sicut</strong></span> <span class='ocrx_word' id='word_1_556' title='bbox 1259 1511 1329 1567; x_wconf 91' lang='lat' dir='ltr'><strong>dicit</strong></span> <span class='ocrx_word' id='word_1_557' title='bbox 1348 1510 1521 1582; x_wconf 79' lang='lat' dir='ltr'><strong>Apostolus,</strong></span> <span class='ocrx_word' id='word_1_558' title='bbox 1535 1527 1595 1567; x_wconf 79' lang='lat' dir='ltr'><strong>aare</strong></span> <span class='ocrx_word' id='word_1_559' title='bbox 1610 1513 1684 1568; x_wconf 84' lang='lat' dir='ltr'><strong>sicut</strong></span> <span class='ocrx_word' id='word_1_560' title='bbox 1700 1515 1794 1570; x_wconf 86' lang='lat' dir='ltr'><strong>Deum</strong></span> <span class='ocrx_word' id='word_1_561' title='bbox 1810 1516 1877 1584; x_wconf 76' lang='lat' dir='ltr'><strong>qlo-</strong></span> 
     </span>
     <span class='ocr_line' id='line_1_80' title="bbox 1043 1599 1878 1673; baseline 0.007 -19"><span class='ocrx_word' id='word_1_562' title='bbox 1043 1599 1248 1668; x_wconf 73' lang='lat' dir='ltr'><strong>m&#39;ficaueruat‚</strong></span> <span class='ocrx_word' id='word_1_563' title='bbox 1260 1606 1313 1655; x_wconf 88' lang='lat' dir='ltr'><strong>aut</strong></span> <span class='ocrx_word' id='word_1_564' title='bbox 1327 1602 1441 1670; x_wconf 72' lang='lat' dir='ltr'><strong>gratias</strong></span> <span class='ocrx_word' id='word_1_565' title='bbox 1454 1609 1576 1671; x_wconf 76' lang='lat' dir='ltr'><strong>eperunt</strong></span> <span class='ocrx_word' id='word_1_566' title='bbox 1586 1601 1683 1673; x_wconf 75' lang='lat' dir='ltr'><strong>(dora.</strong></span> <span class='ocrx_word' id='word_1_567' title='bbox 1696 1620 1714 1666; x_wconf 85' lang='lat' dir='ltr'><strong>r,</strong></span> <span class='ocrx_word' id='word_1_568' title='bbox 1725 1604 1785 1673; x_wconf 77' lang='lat' dir='ltr'><strong>at).</strong></span> <span class='ocrx_word' id='word_1_569' title='bbox 1795 1603 1878 1660; x_wconf 83' lang='lat' dir='ltr'><strong>b‘osti</strong></span> 
     </span>
     <span class='ocr_line' id='line_1_81' title="bbox 1044 1688 1877 1762; baseline 0.005 -18"><span class='ocrx_word' id='word_1_570' title='bbox 1044 1692 1145 1744; x_wconf 89' lang='lat' dir='ltr'><strong>autem</strong></span> <span class='ocrx_word' id='word_1_571' title='bbox 1164 1688 1194 1743; x_wconf 92' lang='lat' dir='ltr'><strong>in</strong></span> <span class='ocrx_word' id='word_1_572' title='bbox 1214 1704 1275 1760; x_wconf 92' lang='lat' dir='ltr'><strong>quo</strong></span> <span class='ocrx_word' id='word_1_573' title='bbox 1296 1690 1439 1745; x_wconf 79' lang='lat' dir='ltr'><strong>sacrificio</strong></span> <span class='ocrx_word' id='word_1_574' title='bbox 1460 1689 1586 1756; x_wconf 87' lang='lat' dir='ltr'><strong>dicatur,</strong></span> <span class='ocrx_word' id='word_1_575' title='bbox 1607 1690 1722 1747; x_wconf 89' lang='lat' dir='ltr'><strong>Gratias</strong></span> <span class='ocrx_word' id='word_1_576' title='bbox 1745 1707 1877 1762; x_wconf 86' lang='lat' dir='ltr'><strong>agamus</strong></span> 
     </span>
     <span class='ocr_line' id='line_1_82' title="bbox 1045 1779 1877 1850; baseline 0.005 -15"><span class='ocrx_word' id='word_1_577' title='bbox 1045 1780 1172 1836; x_wconf 86' lang='lat' dir='ltr'><strong>bomino</strong></span> <span class='ocrx_word' id='word_1_578' title='bbox 1194 1781 1251 1834; x_wconf 84' lang='lat' dir='ltr'><strong>lleo</strong></span> <span class='ocrx_word' id='word_1_579' title='bbox 1269 1782 1421 1835; x_wconf 80' lang='lat' dir='ltr'><strong>nostran</strong></span> <span class='ocrx_word' id='word_1_580' title='bbox 1442 1779 1529 1850; x_wconf 86' lang='lat' dir='ltr'><strong>cujus</strong></span> <span class='ocrx_word' id='word_1_581' title='bbox 1548 1779 1686 1835; x_wconf 86' lang='lat' dir='ltr'><strong>sacrificii</strong></span> <span class='ocrx_word' id='word_1_582' title='bbox 1704 1780 1877 1839; x_wconf 83' lang='lat' dir='ltr'><strong>humilitate</strong></span> 
     </span>
     <span class='ocr_line' id='line_1_83' title="bbox 1043 1867 1877 1940; baseline 0.004 -16"><span class='ocrx_word' id='word_1_583' title='bbox 1043 1867 1132 1938; x_wconf 88' lang='lat' dir='ltr'><strong>longe</strong></span> <span class='ocrx_word' id='word_1_584' title='bbox 1148 1867 1234 1924; x_wconf 86' lang='lat' dir='ltr'><strong>abest</strong></span> <span class='ocrx_word' id='word_1_585' title='bbox 1252 1868 1370 1940; x_wconf 81' lang='lat' dir='ltr'><strong>typhus,</strong></span> <span class='ocrx_word' id='word_1_586' title='bbox 1391 1872 1420 1923; x_wconf 87' lang='lat' dir='ltr'><strong>et</strong></span> <span class='ocrx_word' id='word_1_587' title='bbox 1434 1867 1599 1924; x_wconf 89' lang='lat' dir='ltr'><strong>cothurnus</strong></span> <span class='ocrx_word' id='word_1_588' title='bbox 1613 1868 1745 1925; x_wconf 89' lang='lat' dir='ltr'><strong>illorum.</strong></span> <span class='ocrx_word' id='word_1_589' title='bbox 1762 1872 1796 1925; x_wconf 85' lang='lat' dir='ltr'><strong>Et</strong></span> <span class='ocrx_word' id='word_1_590' title='bbox 1808 1870 1877 1927; x_wconf 88' lang='lat' dir='ltr'><strong>ideo</strong></span> 
     </span>
     <span class='ocr_line' id='line_1_84' title="bbox 1045 1957 1878 2031; baseline 0.002 -17"><span class='ocrx_word' id='word_1_591' title='bbox 1045 1957 1172 2014; x_wconf 90' lang='lat' dir='ltr'><strong>multum</strong></span> <span class='ocrx_word' id='word_1_592' title='bbox 1186 1957 1329 2013; x_wconf 88' lang='lat' dir='ltr'><strong>mirabilis</strong></span> <span class='ocrx_word' id='word_1_593' title='bbox 1340 1973 1386 2012; x_wconf 89' lang='lat' dir='ltr'><strong>res</strong></span> <span class='ocrx_word' id='word_1_594' title='bbox 1399 1962 1443 2012; x_wconf 88' lang='lat' dir='ltr'><strong>est</strong></span> <span class='ocrx_word' id='word_1_595' title='bbox 1458 1957 1717 2029; x_wconf 88' lang='lat' dir='ltr'><strong>quemadmodum</strong></span> <span class='ocrx_word' id='word_1_596' title='bbox 1729 1976 1878 2031; x_wconf 89' lang='lat' dir='ltr'><strong>quorum·</strong></span> 
     </span>
     <span class='ocr_line' id='line_1_85' title="bbox 1045 2046 1879 2115; baseline 0.006 -13"><span class='ocrx_word' id='word_1_597' title='bbox 1045 2046 1117 2104; x_wconf 87' lang='lat' dir='ltr'><strong>dam</strong></span> <span class='ocrx_word' id='word_1_598' title='bbox 1130 2046 1265 2103; x_wconf 88' lang='lat' dir='ltr'><strong>nondum</strong></span> <span class='ocrx_word' id='word_1_599' title='bbox 1274 2047 1519 2115; x_wconf 86' lang='lat' dir='ltr'><strong>cognoscentium</strong></span> <span class='ocrx_word' id='word_1_600' title='bbox 1530 2048 1622 2102; x_wconf 87' lang='lat' dir='ltr'><strong>[teum</strong></span> <span class='ocrx_word' id='word_1_601' title='bbox 1640 2047 1676 2103; x_wconf 90' lang='lat' dir='ltr'><strong>sit</strong></span> <span class='ocrx_word' id='word_1_602' title='bbox 1688 2048 1879 2107; x_wconf 89' lang='lat' dir='ltr'><strong>inhabitator</strong></span> 
     </span>
     <span class='ocr_line' id='line_1_86' title="bbox 1046 2136 1877 2208; baseline 0.004 -16"><span class='ocrx_word' id='word_1_603' title='bbox 1046 2140 1132 2205; x_wconf 83' lang='lat' dir='ltr'><strong>Deus,</strong></span> <span class='ocrx_word' id='word_1_604' title='bbox 1150 2141 1179 2192; x_wconf 91' lang='lat' dir='ltr'><strong>et</strong></span> <span class='ocrx_word' id='word_1_605' title='bbox 1192 2136 1395 2208; x_wconf 90' lang='lat' dir='ltr'><strong>quorumdam</strong></span> <span class='ocrx_word' id='word_1_606' title='bbox 1411 2136 1655 2205; x_wconf 85' lang='lat' dir='ltr'><strong>cognoscentium</strong></span> <span class='ocrx_word' id='word_1_607' title='bbox 1672 2152 1731 2192; x_wconf 92' lang='lat' dir='ltr'><strong>non</strong></span> <span class='ocrx_word' id='word_1_608' title='bbox 1748 2137 1797 2193; x_wconf 91' lang='lat' dir='ltr'><strong>sit.</strong></span> <span class='ocrx_word' id='word_1_609' title='bbox 1819 2141 1877 2195; x_wconf 81' lang='lat' dir='ltr'><strong>Nec</strong></span> 
     </span>
     <span class='ocr_line' id='line_1_87' title="bbox 1046 2225 1877 2298; baseline 0.005 -17"><span class='ocrx_word' id='word_1_610' title='bbox 1046 2225 1087 2281; x_wconf 92' lang='lat' dir='ltr'><strong>illi</strong></span> <span class='ocrx_word' id='word_1_611' title='bbox 1104 2226 1186 2280; x_wconf 92' lang='lat' dir='ltr'><strong>enim</strong></span> <span class='ocrx_word' id='word_1_612' title='bbox 1212 2225 1251 2280; x_wconf 90' lang='lat' dir='ltr'><strong>ad</strong></span> <span class='ocrx_word' id='word_1_613' title='bbox 1266 2227 1413 2297; x_wconf 90' lang='lat' dir='ltr'><strong>templum</strong></span> <span class='ocrx_word' id='word_1_614' title='bbox 1429 2225 1479 2280; x_wconf 87' lang='lat' dir='ltr'><strong>bei</strong></span> <span class='ocrx_word' id='word_1_615' title='bbox 1502 2225 1659 2297; x_wconf 89' lang='lat' dir='ltr'><strong>pertinent,</strong></span> <span class='ocrx_word' id='word_1_616' title='bbox 1678 2226 1731 2298; x_wconf 90' lang='lat' dir='ltr'><strong>qui</strong></span> <span class='ocrx_word' id='word_1_617' title='bbox 1751 2242 1877 2297; x_wconf 72' lang='lat' dir='ltr'><strong>coguos</strong></span> 
     </span>
     <span class='ocr_line' id='line_1_88' title="bbox 1047 2312 1877 2383; baseline 0.006 -13"><span class='ocrx_word' id='word_1_618' title='bbox 1047 2319 1147 2370; x_wconf 88' lang='lat' dir='ltr'><strong>centes</strong></span> <span class='ocrx_word' id='word_1_619' title='bbox 1161 2314 1266 2378; x_wconf 90' lang='lat' dir='ltr'><strong>Deum,</strong></span> <span class='ocrx_word' id='word_1_620' title='bbox 1282 2329 1343 2369; x_wconf 94' lang='lat' dir='ltr'><strong>non</strong></span> <span class='ocrx_word' id='word_1_621' title='bbox 1356 2314 1432 2369; x_wconf 89' lang='lat' dir='ltr'><strong>sicut</strong></span> <span class='ocrx_word' id='word_1_622' title='bbox 1446 2316 1539 2369; x_wconf 85' lang='lat' dir='ltr'><strong>Derim</strong></span> <span class='ocrx_word' id='word_1_623' title='bbox 1554 2312 1812 2383; x_wconf 85' lang='lat' dir='ltr'><strong>glorificaverunt,</strong></span> <span class='ocrx_word' id='word_1_624' title='bbox 1826 2322 1877 2374; x_wconf 90' lang='lat' dir='ltr'><strong>aut</strong></span> 
     </span>
     <span class='ocr_line' id='line_1_89' title="bbox 1046 2402 1878 2476; baseline 0.004 -17"><span class='ocrx_word' id='word_1_625' title='bbox 1046 2403 1156 2475; x_wconf 88' lang='lat' dir='ltr'><strong>gratias</strong></span> <span class='ocrx_word' id='word_1_626' title='bbox 1167 2404 1291 2473; x_wconf 88' lang='lat' dir='ltr'><strong>egerunt</strong></span> <span class='ocrx_word' id='word_1_627' title='bbox 1304 2419 1311 2467; x_wconf 92' lang='lat'>;</span> <span class='ocrx_word' id='word_1_628' title='bbox 1326 2407 1354 2458; x_wconf 92' lang='lat' dir='ltr'><strong>et</strong></span> <span class='ocrx_word' id='word_1_629' title='bbox 1369 2403 1407 2458; x_wconf 89' lang='lat' dir='ltr'><strong>ad</strong></span> <span class='ocrx_word' id='word_1_630' title='bbox 1422 2402 1565 2475; x_wconf 90' lang='lat' dir='ltr'><strong>templum</strong></span> <span class='ocrx_word' id='word_1_631' title='bbox 1583 2404 1632 2459; x_wconf 83' lang='lat' dir='ltr'><strong>llei</strong></span> <span class='ocrx_word' id='word_1_632' title='bbox 1648 2403 1798 2474; x_wconf 88' lang='lat' dir='ltr'><strong>pertinent</strong></span> <span class='ocrx_word' id='word_1_633' title='bbox 1810 2421 1878 2476; x_wconf 89' lang='lat' dir='ltr'><strong>par-</strong></span> 
     </span>
     <span class='ocr_line' id='line_1_90' title="bbox 1045 2490 1878 2568; baseline 0.004 -19"><span class='ocrx_word' id='word_1_634' title='bbox 1045 2492 1106 2549; x_wconf 78' lang='lat' dir='ltr'><strong>vuli</strong></span> <span class='ocrx_word' id='word_1_635' title='bbox 1115 2492 1290 2548; x_wconf 81' lang='lat' dir='ltr'><strong>sanctificati</strong></span> <span class='ocrx_word' id='word_1_636' title='bbox 1299 2490 1492 2548; x_wconf 84' lang='lat' dir='ltr'><strong>Sacramenta</strong></span> <span class='ocrx_word' id='word_1_637' title='bbox 1506 2491 1620 2557; x_wconf 87' lang='lat' dir='ltr'><strong>Christi,</strong></span> <span class='ocrx_word' id='word_1_638' title='bbox 1635 2495 1804 2564; x_wconf 88' lang='lat' dir='ltr'><strong>regenerati</strong></span> <span class='ocrx_word' id='word_1_639' title='bbox 1816 2496 1878 2568; x_wconf 85' lang='lat' dir='ltr'><strong>Spi-</strong></span> 
     </span>
     <span class='ocr_line' id='line_1_91' title="bbox 1045 2581 1878 2656; baseline 0.001 -17"><span class='ocrx_word' id='word_1_640' title='bbox 1045 2583 1102 2639; x_wconf 90' lang='lat' dir='ltr'><strong>ritu</strong></span> <span class='ocrx_word' id='word_1_641' title='bbox 1127 2587 1241 2647; x_wconf 88' lang='lat' dir='ltr'><strong>sancto‚</strong></span> <span class='ocrx_word' id='word_1_642' title='bbox 1266 2581 1317 2652; x_wconf 93' lang='lat' dir='ltr'><strong>qui</strong></span> <span class='ocrx_word' id='word_1_643' title='bbox 1340 2584 1418 2637; x_wconf 89' lang='lat' dir='ltr'><strong>certe</strong></span> <span class='ocrx_word' id='word_1_644' title='bbox 1440 2596 1493 2653; x_wconf 88' lang='lat' dir='ltr'><strong>per</strong></span> <span class='ocrx_word' id='word_1_645' title='bbox 1515 2585 1631 2637; x_wconf 80' lang='lat' dir='ltr'><strong>aetatem</strong></span> <span class='ocrx_word' id='word_1_646' title='bbox 1653 2583 1795 2639; x_wconf 91' lang='lat' dir='ltr'><strong>nondum</strong></span> <span class='ocrx_word' id='word_1_647' title='bbox 1810 2600 1878 2656; x_wconf 90' lang='lat' dir='ltr'><strong>pos·</strong></span> 
     </span>
     <span class='ocr_line' id='line_1_92' title="bbox 1046 2669 1877 2742; baseline 0.001 -15"><span class='ocrx_word' id='word_1_648' title='bbox 1046 2676 1117 2727; x_wconf 89' lang='lat' dir='ltr'><strong>sunt</strong></span> <span class='ocrx_word' id='word_1_649' title='bbox 1131 2685 1311 2740; x_wconf 87' lang='lat' dir='ltr'><strong>cognoscere</strong></span> <span class='ocrx_word' id='word_1_650' title='bbox 1326 2672 1437 2725; x_wconf 85' lang='lat' dir='ltr'><strong>benur:</strong></span> <span class='ocrx_word' id='word_1_651' title='bbox 1453 2669 1532 2725; x_wconf 89' lang='lat' dir='ltr'><strong>unde</strong></span> <span class='ocrx_word' id='word_1_652' title='bbox 1552 2685 1642 2742; x_wconf 86' lang='lat' dir='ltr'><strong>quem</strong></span> <span class='ocrx_word' id='word_1_653' title='bbox 1655 2677 1823 2742; x_wconf 89' lang='lat' dir='ltr'><strong>potuerunt</strong></span> <span class='ocrx_word' id='word_1_654' title='bbox 1837 2672 1877 2729; x_wconf 90' lang='lat' dir='ltr'><strong>illi</strong></span> 
     </span>
     <span class='ocr_line' id='line_1_93' title="bbox 1045 2758 1877 2834; baseline 0.004 -19"><span class='ocrx_word' id='word_1_655' title='bbox 1045 2775 1133 2815; x_wconf 89' lang='lat' dir='ltr'><strong>nosse</strong></span> <span class='ocrx_word' id='word_1_656' title='bbox 1146 2775 1200 2815; x_wconf 90' lang='lat' dir='ltr'><strong>nee</strong></span> <span class='ocrx_word' id='word_1_657' title='bbox 1215 2758 1337 2824; x_wconf 90' lang='lat' dir='ltr'><strong>habere,</strong></span> <span class='ocrx_word' id='word_1_658' title='bbox 1353 2759 1399 2813; x_wconf 90' lang='lat' dir='ltr'><strong>isti</strong></span> <span class='ocrx_word' id='word_1_659' title='bbox 1411 2764 1571 2829; x_wconf 89' lang='lat' dir='ltr'><strong>potueruut</strong></span> <span class='ocrx_word' id='word_1_660' title='bbox 1586 2759 1695 2815; x_wconf 85' lang='lat' dir='ltr'><strong>habere</strong></span> <span class='ocrx_word' id='word_1_661' title='bbox 1708 2766 1877 2834; x_wconf 86' lang='lat' dir='ltr'><strong>antequam</strong></span> 
     </span>
     <span class='ocr_line' id='line_1_94' title="bbox 1044 2848 1876 2920; baseline 0.002 -15"><span class='ocrx_word' id='word_1_662' title='bbox 1044 2864 1145 2905; x_wconf 87' lang='lat' dir='ltr'><strong>nosse.</strong></span> <span class='ocrx_word' id='word_1_663' title='bbox 1158 2848 1322 2904; x_wconf 77' lang='lat' dir='ltr'><strong>beatissimi</strong></span> <span class='ocrx_word' id='word_1_664' title='bbox 1334 2851 1435 2903; x_wconf 88' lang='lat' dir='ltr'><strong>autern</strong></span> <span class='ocrx_word' id='word_1_665' title='bbox 1446 2848 1642 2920; x_wconf 90' lang='lat' dir='ltr'><strong>sunt‚quibus</strong></span> <span class='ocrx_word' id='word_1_666' title='bbox 1653 2848 1711 2904; x_wconf 92' lang='lat' dir='ltr'><strong>hoc</strong></span> <span class='ocrx_word' id='word_1_667' title='bbox 1723 2856 1772 2905; x_wconf 87' lang='lat' dir='ltr'><strong>est</strong></span> <span class='ocrx_word' id='word_1_668' title='bbox 1783 2853 1876 2907; x_wconf 84' lang='lat' dir='ltr'><strong>ileum</strong></span> 
     </span>
     <span class='ocr_line' id='line_1_95' title="bbox 1043 2936 1875 3010; baseline 0.004 -17"><span class='ocrx_word' id='word_1_669' title='bbox 1043 2936 1155 2994; x_wconf 89' lang='lat' dir='ltr'><strong>babere</strong></span> <span class='ocrx_word' id='word_1_670' title='bbox 1168 2936 1348 3010; x_wconf 87' lang='lat' dir='ltr'><strong>quodnosse</strong></span> <span class='ocrx_word' id='word_1_671' title='bbox 1359 2936 1443 3008; x_wconf 88' lang='lat' dir='ltr'><strong>:ipsa</strong></span> <span class='ocrx_word' id='word_1_672' title='bbox 1454 2937 1559 3010; x_wconf 91' lang='lat' dir='ltr'><strong>quippe</strong></span> <span class='ocrx_word' id='word_1_673' title='bbox 1571 2938 1676 2993; x_wconf 92' lang='lat' dir='ltr'><strong>notitia</strong></span> <span class='ocrx_word' id='word_1_674' title='bbox 1686 2937 1875 3010; x_wconf 88' lang='lat' dir='ltr'><strong>plenissima,</strong></span> 
     </span>
     <span class='ocr_line' id='line_1_96' title="bbox 1042 3025 1466 3093; baseline -0.005 -11"><span class='ocrx_word' id='word_1_675' title='bbox 1042 3026 1209 3093; x_wconf 74' lang='lat' dir='ltr'><strong>serissima,</strong></span> <span class='ocrx_word' id='word_1_676' title='bbox 1227 3025 1397 3081; x_wconf 79' lang='lat' dir='ltr'><strong>felicissima</strong></span> <span class='ocrx_word' id='word_1_677' title='bbox 1413 3031 1466 3080; x_wconf 93' lang='lat' dir='ltr'><strong>est.</strong></span> 
     </span>
    </p>

    <p class='ocr_par' dir='ltr' id='par_1_10' title="bbox 1039 3114 1877 3988">
     <span class='ocr_line' id='line_1_97' title="bbox 1079 3114 1875 3187; baseline 0.004 -16"><span class='ocrx_word' id='word_1_678' title='bbox 1079 3117 1190 3172; x_wconf 73' lang='lat' dir='ltr'><strong>caput</strong></span> <span class='ocrx_word' id='word_1_679' title='bbox 1206 3115 1262 3169; x_wconf 88' lang='lat' dir='ltr'><strong>Vll.</strong></span> <span class='ocrx_word' id='word_1_680' title='bbox 1279 3146 1313 3155; x_wconf 90' lang='lat'><em>—</em></span> <span class='ocrx_word' id='word_1_681' title='bbox 1329 3117 1374 3172; x_wconf 83' lang='lat'><strong>22.</strong></span> <span class='ocrx_word' id='word_1_682' title='bbox 1391 3115 1464 3170; x_wconf 81' lang='lat' dir='ltr'><strong>ilinc</strong></span> <span class='ocrx_word' id='word_1_683' title='bbox 1476 3114 1541 3186; x_wconf 87' lang='lat' dir='ltr'><strong>jam</strong></span> <span class='ocrx_word' id='word_1_684' title='bbox 1556 3121 1671 3187; x_wconf 84' lang='lat' dir='ltr'><strong>oportet</strong></span> <span class='ocrx_word' id='word_1_685' title='bbox 1685 3117 1778 3173; x_wconf 87' lang='lat' dir='ltr'><strong>etiam</strong></span> <span class='ocrx_word' id='word_1_686' title='bbox 1793 3117 1875 3175; x_wconf 89' lang='lat' dir='ltr'><strong>illam</strong></span> 
     </span>
     <span class='ocr_line' id='line_1_98' title="bbox 1042 3204 1874 3278; baseline 0.002 -17"><span class='ocrx_word' id='word_1_687' title='bbox 1042 3221 1136 3278; x_wconf 91' lang='lat' dir='ltr'><strong>quam</strong></span> <span class='ocrx_word' id='word_1_688' title='bbox 1155 3210 1223 3276; x_wconf 91' lang='lat' dir='ltr'><strong>post</strong></span> <span class='ocrx_word' id='word_1_689' title='bbox 1238 3204 1439 3276; x_wconf 77' lang='lat' dir='ltr'><strong>epistolatum</strong></span> <span class='ocrx_word' id='word_1_690' title='bbox 1455 3205 1705 3277; x_wconf 88' lang='lat' dir='ltr'><strong>subscriptionem</strong></span> <span class='ocrx_word' id='word_1_691' title='bbox 1719 3206 1874 3272; x_wconf 88' lang='lat' dir='ltr'><strong>addidisti,</strong></span> 
     </span>
     <span class='ocr_line' id='line_1_99' title="bbox 1042 3293 1877 3366; baseline 0 -17"><span class='ocrx_word' id='word_1_692' title='bbox 1042 3299 1221 3366; x_wconf 86' lang='lat' dir='ltr'><strong>pertractare</strong></span> <span class='ocrx_word' id='word_1_693' title='bbox 1232 3293 1877 3366; x_wconf 78' lang='lat' dir='ltr'><strong>quaestionem:Siadttucr&#39;pooraatparouli</strong></span> 
     </span>
     <span class='ocr_line' id='line_1_100' title="bbox 1040 3382 1876 3455; baseline 0.004 -17"><span class='ocrx_word' id='word_1_694' title='bbox 1040 3383 1144 3448; x_wconf 74' lang='lat' dir='ltr'><strong>Deuca,</strong></span> <span class='ocrx_word' id='word_1_695' title='bbox 1161 3382 1305 3454; x_wconf 81' lang='lat' dir='ltr'><strong>quomodo</strong></span> <span class='ocrx_word' id='word_1_696' title='bbox 1321 3382 1448 3439; x_wconf 85' lang='lat' dir='ltr'><strong>Joanacs</strong></span> <span class='ocrx_word' id='word_1_697' title='bbox 1474 3383 1563 3439; x_wconf 82' lang='lat' dir='ltr'><strong>etiam</strong></span> <span class='ocrx_word' id='word_1_698' title='bbox 1585 3390 1749 3455; x_wconf 83' lang='lat' dir='ltr'><strong>autequam</strong></span> <span class='ocrx_word' id='word_1_699' title='bbox 1774 3399 1876 3441; x_wconf 84' lang='lat' dir='ltr'><strong>nasce·</strong></span> 
     </span>
     <span class='ocr_line' id='line_1_101' title="bbox 1041 3471 1873 3539; baseline 0.001 -12"><span class='ocrx_word' id='word_1_700' title='bbox 1041 3478 1135 3536; x_wconf 76' lang='lat' dir='ltr'><strong>rectu,</strong></span> <span class='ocrx_word' id='word_1_701' title='bbox 1149 3472 1190 3528; x_wconf 81' lang='lat' dir='ltr'><strong>act</strong></span> <span class='ocrx_word' id='word_1_702' title='bbox 1204 3471 1366 3527; x_wconf 82' lang='lat' dir='ltr'><strong>aduentum</strong></span> <span class='ocrx_word' id='word_1_703' title='bbox 1381 3478 1408 3527; x_wconf 88' lang='lat' dir='ltr'><strong>et</strong></span> <span class='ocrx_word' id='word_1_704' title='bbox 1423 3472 1612 3539; x_wconf 69' lang='lat' dir='ltr'><strong>presentiam</strong></span> <span class='ocrx_word' id='word_1_705' title='bbox 1627 3472 1734 3528; x_wconf 84' lang='lat' dir='ltr'><strong>matris</strong></span> <span class='ocrx_word' id='word_1_706' title='bbox 1750 3472 1873 3537; x_wconf 80' lang='lat' dir='ltr'><strong>Domini,</strong></span> 
     </span>
     <span class='ocr_line' id='line_1_102' title="bbox 1040 3561 1875 3630; baseline 0.002 -14"><span class='ocrx_word' id='word_1_707' title='bbox 1040 3562 1073 3617; x_wconf 85' lang='lat' dir='ltr'><strong>ia</strong></span> <span class='ocrx_word' id='word_1_708' title='bbox 1091 3576 1152 3617; x_wconf 74' lang='lat' dir='ltr'><strong>sacae</strong></span> <span class='ocrx_word' id='word_1_709' title='bbox 1168 3563 1274 3617; x_wconf 85' lang='lat' dir='ltr'><strong>matris</strong></span> <span class='ocrx_word' id='word_1_710' title='bbox 1293 3567 1377 3617; x_wconf 83' lang='lat' dir='ltr'><strong>utero</strong></span> <span class='ocrx_word' id='word_1_711' title='bbox 1392 3561 1490 3630; x_wconf 79' lang='lat' dir='ltr'><strong>putuit</strong></span> <span class='ocrx_word' id='word_1_712' title='bbox 1516 3563 1679 3617; x_wconf 75' lang='lat' dir='ltr'><strong>exsultare.</strong></span> <span class='ocrx_word' id='word_1_713' title='bbox 1701 3563 1777 3618; x_wconf 90' lang='lat' dir='ltr'><strong>Cum</strong></span> <span class='ocrx_word' id='word_1_714' title='bbox 1797 3563 1875 3618; x_wconf 87' lang='lat' dir='ltr'><strong>anim</strong></span> 
     </span>
     <span class='ocr_line' id='line_1_103' title="bbox 1041 3647 1875 3722; baseline 0 -16"><span class='ocrx_word' id='word_1_715' title='bbox 1041 3665 1313 3707; x_wconf 87' lang='lat' dir='ltr'><strong>commemorasses</strong></span> <span class='ocrx_word' id='word_1_716' title='bbox 1329 3652 1356 3704; x_wconf 92' lang='lat' dir='ltr'><strong>te</strong></span> <span class='ocrx_word' id='word_1_717' title='bbox 1370 3647 1476 3721; x_wconf 85' lang='lat' dir='ltr'><strong>legisse</strong></span> <span class='ocrx_word' id='word_1_718' title='bbox 1492 3649 1602 3705; x_wconf 83' lang='lat' dir='ltr'><strong>librum</strong></span> <span class='ocrx_word' id='word_1_719' title='bbox 1617 3666 1719 3706; x_wconf 85' lang='lat' dir='ltr'><strong>meurn</strong></span> <span class='ocrx_word' id='word_1_720' title='bbox 1740 3650 1780 3706; x_wconf 89' lang='lat' dir='ltr'><strong>de</strong></span> <span class='ocrx_word' id='word_1_721' title='bbox 1801 3652 1875 3722; x_wconf 76' lang='lat' dir='ltr'><strong>liap-</strong></span> 
     </span>
     <span class='ocr_line' id='line_1_104' title="bbox 1042 3737 1877 3810; baseline 0 -15"><span class='ocrx_word' id='word_1_722' title='bbox 1042 3739 1131 3796; x_wconf 89' lang='lat' dir='ltr'><strong>tismo</strong></span> <span class='ocrx_word' id='word_1_723' title='bbox 1146 3737 1353 3806; x_wconf 74' lang='lat' dir='ltr'><strong>parvulorum,</strong></span> <span class='ocrx_word' id='word_1_724' title='bbox 1365 3737 1505 3793; x_wconf 88' lang='lat' dir='ltr'><strong>addidisti</strong></span> <span class='ocrx_word' id='word_1_725' title='bbox 1518 3741 1547 3793; x_wconf 88' lang='lat' dir='ltr'><strong>et</strong></span> <span class='ocrx_word' id='word_1_726' title='bbox 1561 3737 1626 3794; x_wconf 89' lang='lat' dir='ltr'><strong>aisti</strong></span> <span class='ocrx_word' id='word_1_727' title='bbox 1639 3760 1645 3791; x_wconf 78' lang='lat' dir='ltr'><strong>t</strong></span> <span class='ocrx_word' id='word_1_728' title='bbox 1659 3740 1702 3795; x_wconf 87' lang='lat' dir='ltr'><strong>De</strong></span> <span class='ocrx_word' id='word_1_729' title='bbox 1716 3755 1877 3810; x_wconf 74' lang='lat' dir='ltr'><strong>praepaca-</strong></span> 
     </span>
     <span class='ocr_line' id='line_1_105' title="bbox 1043 3828 1875 3900; baseline 0.002 -17"><span class='ocrx_word' id='word_1_730' title='bbox 1043 3828 1117 3884; x_wconf 81' lang='lat' dir='ltr'><strong>tibus</strong></span> <span class='ocrx_word' id='word_1_731' title='bbox 1130 3828 1202 3900; x_wconf 81' lang='lat' dir='ltr'><strong>quid</strong></span> <span class='ocrx_word' id='word_1_732' title='bbox 1211 3828 1322 3883; x_wconf 83' lang='lat' dir='ltr'><strong>sentias</strong></span> <span class='ocrx_word' id='word_1_733' title='bbox 1335 3833 1403 3895; x_wconf 81' lang='lat' dir='ltr'><strong>opto</strong></span> <span class='ocrx_word' id='word_1_734' title='bbox 1414 3841 1596 3898; x_wconf 77' lang='lat' dir='ltr'><strong>cognoscere,</strong></span> <span class='ocrx_word' id='word_1_735' title='bbox 1607 3842 1672 3884; x_wconf 79' lang='lat' dir='ltr'><strong>caru</strong></span> <span class='ocrx_word' id='word_1_736' title='bbox 1685 3829 1875 3885; x_wconf 78' lang='lat' dir='ltr'><strong>credulitatis</strong></span> 
     </span>
     <span class='ocr_line' id='line_1_106' title="bbox 1039 3916 1872 3988; baseline 0 -15"><span class='ocrx_word' id='word_1_737' title='bbox 1039 3918 1126 3988; x_wconf 76' lang='lat' dir='ltr'><strong>fidem</strong></span> <span class='ocrx_word' id='word_1_738' title='bbox 1135 3916 1516 3987; x_wconf 79' lang='lat' dir='ltr'><strong>propateromaterloaaais</strong></span> <span class='ocrx_word' id='word_1_739' title='bbox 1525 3916 1668 3985; x_wconf 77' lang='lat' dir='ltr'><strong>Baptista</strong></span> <span class='ocrx_word' id='word_1_740' title='bbox 1675 3918 1872 3986; x_wconf 80' lang='lat' dir='ltr'><strong>responderit.</strong></span> 
     </span>
    </p>

    <p class='ocr_par' dir='ltr' id='par_1_11' title="bbox 1040 4003 1876 5683">
     <span class='ocr_line' id='line_1_107' title="bbox 1076 4003 1873 4063; baseline 0 -3"><span class='ocrx_word' id='word_1_741' title='bbox 1076 4007 1120 4062; x_wconf 76' lang='grc'><strong>23.</strong></span> <span class='ocrx_word' id='word_1_742' title='bbox 1134 4003 1873 4063; x_wconf 81' lang='lat' dir='ltr'><strong>ttaecsuntcerteverbaElizabethmatrlsloannis:</strong></span> 
     </span>
     <span class='ocr_line' id='line_1_108' title="bbox 1040 4094 1875 4163; baseline 0 -10"><span class='ocrx_word' id='word_1_743' title='bbox 1040 4098 1137 4153; x_wconf 87' lang='lat' dir='ltr'><strong>Beata</strong></span> <span class='ocrx_word' id='word_1_744' title='bbox 1150 4101 1182 4150; x_wconf 89' lang='lat' dir='ltr'><strong>tu</strong></span> <span class='ocrx_word' id='word_1_745' title='bbox 1196 4095 1275 4150; x_wconf 85' lang='lat' dir='ltr'><strong>iuter</strong></span> <span class='ocrx_word' id='word_1_746' title='bbox 1289 4094 1437 4160; x_wconf 74' lang='lat' dir='ltr'><strong>aetatiores,</strong></span> <span class='ocrx_word' id='word_1_747' title='bbox 1454 4101 1484 4150; x_wconf 88' lang='lat' dir='ltr'><strong>et</strong></span> <span class='ocrx_word' id='word_1_748' title='bbox 1503 4095 1603 4151; x_wconf 79' lang='lat' dir='ltr'><strong>acutas</strong></span> <span class='ocrx_word' id='word_1_749' title='bbox 1621 4094 1742 4163; x_wconf 76' lang='lat' dir='ltr'><strong>fractas</strong></span> <span class='ocrx_word' id='word_1_750' title='bbox 1763 4096 1875 4153; x_wconf 82' lang='lat' dir='ltr'><strong>uentris</strong></span> 
     </span>
     <span class='ocr_line' id='line_1_109' title="bbox 1042 4182 1876 4252; baseline 0.004 -12"><span class='ocrx_word' id='word_1_751' title='bbox 1042 4185 1087 4241; x_wconf 85' lang='lat' dir='ltr'><strong>tui</strong></span> <span class='ocrx_word' id='word_1_752' title='bbox 1094 4202 1104 4240; x_wconf 91' lang='lat'><em>:</em></span> <span class='ocrx_word' id='word_1_753' title='bbox 1114 4184 1153 4240; x_wconf 83' lang='lat' dir='ltr'><strong>Et</strong></span> <span class='ocrx_word' id='word_1_754' title='bbox 1168 4183 1248 4239; x_wconf 86' lang='lat' dir='ltr'><strong>uude</strong></span> <span class='ocrx_word' id='word_1_755' title='bbox 1258 4183 1312 4239; x_wconf 83' lang='lat' dir='ltr'><strong>hoc</strong></span> <span class='ocrx_word' id='word_1_756' title='bbox 1327 4182 1409 4252; x_wconf 77' lang='lat' dir='ltr'><strong>ruiti,</strong></span> <span class='ocrx_word' id='word_1_757' title='bbox 1422 4188 1454 4239; x_wconf 91' lang='lat' dir='ltr'><strong>ut</strong></span> <span class='ocrx_word' id='word_1_758' title='bbox 1467 4183 1566 4240; x_wconf 83' lang='lat' dir='ltr'><strong>ueniat</strong></span> <span class='ocrx_word' id='word_1_759' title='bbox 1579 4187 1675 4240; x_wconf 85' lang='lat' dir='ltr'><strong>mater</strong></span> <span class='ocrx_word' id='word_1_760' title='bbox 1685 4184 1806 4241; x_wconf 76' lang='lat' dir='ltr'><strong>Domini</strong></span> <span class='ocrx_word' id='word_1_761' title='bbox 1820 4184 1876 4243; x_wconf 85' lang='lat' dir='ltr'><strong>mci</strong></span> 
     </span>
     <span class='ocr_line' id='line_1_110' title="bbox 1041 4271 1875 4341; baseline 0 -10"><span class='ocrx_word' id='word_1_762' title='bbox 1041 4274 1079 4332; x_wconf 87' lang='lat' dir='ltr'><strong>ad</strong></span> <span class='ocrx_word' id='word_1_763' title='bbox 1088 4288 1133 4330; x_wconf 87' lang='lat' dir='ltr'><strong>me</strong></span> <span class='ocrx_word' id='word_1_764' title='bbox 1143 4273 1157 4329; x_wconf 76' lang='lat' dir='ltr'><strong>‘l</strong></span> <span class='ocrx_word' id='word_1_765' title='bbox 1169 4272 1247 4329; x_wconf 78' lang='lat' dir='ltr'><strong>Ecce</strong></span> <span class='ocrx_word' id='word_1_766' title='bbox 1258 4271 1334 4328; x_wconf 84' lang='lat' dir='ltr'><strong>euim</strong></span> <span class='ocrx_word' id='word_1_767' title='bbox 1350 4279 1383 4326; x_wconf 89' lang='lat' dir='ltr'><strong>ut</strong></span> <span class='ocrx_word' id='word_1_768' title='bbox 1391 4272 1472 4341; x_wconf 76' lang='lat' dir='ltr'><strong>sacta</strong></span> <span class='ocrx_word' id='word_1_769' title='bbox 1486 4278 1527 4328; x_wconf 87' lang='lat' dir='ltr'><strong>est</strong></span> <span class='ocrx_word' id='word_1_770' title='bbox 1543 4287 1601 4328; x_wconf 76' lang='lat' dir='ltr'><strong>uox</strong></span> <span class='ocrx_word' id='word_1_771' title='bbox 1613 4272 1807 4330; x_wconf 79' lang='lat' dir='ltr'><strong>salutationis</strong></span> <span class='ocrx_word' id='word_1_772' title='bbox 1818 4281 1875 4331; x_wconf 72' lang='lat' dir='ltr'><strong>tue</strong></span> 
     </span>
     <span class='ocr_line' id='line_1_111' title="bbox 1041 4361 1875 4432; baseline -0.001 -12"><span class='ocrx_word' id='word_1_773' title='bbox 1041 4365 1072 4420; x_wconf 84' lang='lat' dir='ltr'><strong>ia</strong></span> <span class='ocrx_word' id='word_1_774' title='bbox 1087 4362 1212 4420; x_wconf 81' lang='lat' dir='ltr'><strong>auribus</strong></span> <span class='ocrx_word' id='word_1_775' title='bbox 1226 4361 1307 4425; x_wconf 82' lang='lat' dir='ltr'><strong>meis,</strong></span> <span class='ocrx_word' id='word_1_776' title='bbox 1323 4362 1525 4417; x_wconf 75' lang='lat' dir='ltr'><strong>exsultavitta</strong></span> <span class='ocrx_word' id='word_1_777' title='bbox 1536 4361 1644 4432; x_wconf 72' lang='lat' dir='ltr'><strong>quadie</strong></span> <span class='ocrx_word' id='word_1_778' title='bbox 1655 4361 1761 4431; x_wconf 76' lang='lat' dir='ltr'><strong>lufaus</strong></span> <span class='ocrx_word' id='word_1_779' title='bbox 1772 4364 1804 4418; x_wconf 82' lang='lat' dir='ltr'><strong>ia</strong></span> <span class='ocrx_word' id='word_1_780' title='bbox 1816 4368 1875 4419; x_wconf 90' lang='lat' dir='ltr'><strong>ute·</strong></span> 
     </span>
     <span class='ocr_line' id='line_1_112' title="bbox 1041 4451 1875 4522; baseline -0.002 -12"><span class='ocrx_word' id='word_1_781' title='bbox 1041 4468 1075 4509; x_wconf 83' lang='lat' dir='ltr'><strong>ro</strong></span> <span class='ocrx_word' id='word_1_782' title='bbox 1089 4468 1152 4510; x_wconf 87' lang='lat' dir='ltr'><strong>meo</strong></span> <span class='ocrx_word' id='word_1_783' title='bbox 1165 4453 1251 4522; x_wconf 82' lang='lat' dir='ltr'><strong>(Luc.</strong></span> <span class='ocrx_word' id='word_1_784' title='bbox 1271 4467 1291 4517; x_wconf 89' lang='lat' dir='ltr'><strong>r,</strong></span> <span class='ocrx_word' id='word_1_785' title='bbox 1307 4452 1410 4520; x_wconf 70' lang='lat' dir='ltr'><strong>tit-tl).</strong></span> <span class='ocrx_word' id='word_1_786' title='bbox 1427 4451 1488 4506; x_wconf 87' lang='lat' dir='ltr'><strong>ltoc</strong></span> <span class='ocrx_word' id='word_1_787' title='bbox 1502 4457 1602 4508; x_wconf 90' lang='lat' dir='ltr'><strong>autem</strong></span> <span class='ocrx_word' id='word_1_788' title='bbox 1616 4457 1647 4507; x_wconf 93' lang='lat' dir='ltr'><strong>ut</strong></span> <span class='ocrx_word' id='word_1_789' title='bbox 1661 4451 1784 4516; x_wconf 89' lang='lat' dir='ltr'><strong>diceret,</strong></span> <span class='ocrx_word' id='word_1_790' title='bbox 1801 4452 1875 4508; x_wconf 87' lang='lat' dir='ltr'><strong>sicut</strong></span> 
     </span>
     <span class='ocr_line' id='line_1_113' title="bbox 1041 4539 1875 4613; baseline -0.001 -14"><span class='ocrx_word' id='word_1_791' title='bbox 1041 4540 1475 4613; x_wconf 77' lang='lat' dir='ltr'><strong>Evangelistapraelocutusest,</strong></span> <span class='ocrx_word' id='word_1_792' title='bbox 1487 4539 1600 4612; x_wconf 88' lang='lat' dir='ltr'><strong>repleta</strong></span> <span class='ocrx_word' id='word_1_793' title='bbox 1610 4544 1655 4596; x_wconf 90' lang='lat' dir='ltr'><strong>est</strong></span> <span class='ocrx_word' id='word_1_794' title='bbox 1665 4541 1776 4612; x_wconf 87' lang='lat' dir='ltr'><strong>Spiritu</strong></span> <span class='ocrx_word' id='word_1_795' title='bbox 1788 4557 1875 4598; x_wconf 87' lang='lat' dir='ltr'><strong>sanc·</strong></span> 
     </span>
     <span class='ocr_line' id='line_1_114' title="bbox 1041 4627 1874 4705; baseline -0.001 -17"><span class='ocrx_word' id='word_1_796' title='bbox 1041 4634 1082 4697; x_wconf 85' lang='lat' dir='ltr'><strong>to,</strong></span> <span class='ocrx_word' id='word_1_797' title='bbox 1097 4646 1159 4705; x_wconf 94' lang='lat' dir='ltr'><strong>quo</strong></span> <span class='ocrx_word' id='word_1_798' title='bbox 1174 4629 1277 4702; x_wconf 89' lang='lat' dir='ltr'><strong>procul</strong></span> <span class='ocrx_word' id='word_1_799' title='bbox 1290 4628 1381 4686; x_wconf 92' lang='lat' dir='ltr'><strong>dubio</strong></span> <span class='ocrx_word' id='word_1_800' title='bbox 1400 4627 1548 4686; x_wconf 89' lang='lat' dir='ltr'><strong>revelante</strong></span> <span class='ocrx_word' id='word_1_801' title='bbox 1573 4630 1712 4701; x_wconf 87' lang='lat' dir='ltr'><strong>cognovit</strong></span> <span class='ocrx_word' id='word_1_802' title='bbox 1731 4630 1807 4702; x_wconf 92' lang='lat' dir='ltr'><strong>quid</strong></span> <span class='ocrx_word' id='word_1_803' title='bbox 1826 4630 1874 4687; x_wconf 89' lang='lat' dir='ltr'><strong>illa</strong></span> 
     </span>
     <span class='ocr_line' id='line_1_115' title="bbox 1042 4717 1874 4790; baseline -0.002 -14"><span class='ocrx_word' id='word_1_804' title='bbox 1042 4718 1204 4777; x_wconf 81' lang='lat' dir='ltr'><strong>exsultatio</strong></span> <span class='ocrx_word' id='word_1_805' title='bbox 1217 4718 1398 4790; x_wconf 88' lang='lat' dir='ltr'><strong>significaret</strong></span> <span class='ocrx_word' id='word_1_806' title='bbox 1407 4717 1547 4785; x_wconf 87' lang='lat' dir='ltr'><strong>infantis;</strong></span> <span class='ocrx_word' id='word_1_807' title='bbox 1562 4719 1656 4783; x_wconf 81' lang='lat' dir='ltr'><strong>idest,</strong></span> <span class='ocrx_word' id='word_1_808' title='bbox 1668 4718 1747 4775; x_wconf 90' lang='lat' dir='ltr'><strong>illius</strong></span> <span class='ocrx_word' id='word_1_809' title='bbox 1758 4720 1874 4777; x_wconf 72' lang='lat' dir='ltr'><strong>reabse</strong></span> 
     </span>
     <span class='ocr_line' id='line_1_116' title="bbox 1042 4806 1876 4880; baseline -0.002 -15"><span class='ocrx_word' id='word_1_810' title='bbox 1042 4806 1270 4878; x_wconf 88' lang='lat' dir='ltr'><strong>matrem,cujus</strong></span> <span class='ocrx_word' id='word_1_811' title='bbox 1278 4807 1551 4880; x_wconf 79' lang='lat' dir='ltr'><strong>praecursoripseet</strong></span> <span class='ocrx_word' id='word_1_812' title='bbox 1562 4806 1786 4864; x_wconf 81' lang='lat' dir='ltr'><strong>demonstrator</strong></span> <span class='ocrx_word' id='word_1_813' title='bbox 1798 4812 1876 4865; x_wconf 87' lang='lat' dir='ltr'><strong>esset</strong></span> 
     </span>
     <span class='ocr_line' id='line_1_117' title="bbox 1041 4893 1873 4967; baseline -0.001 -13"><span class='ocrx_word' id='word_1_814' title='bbox 1041 4897 1169 4954; x_wconf 84' lang='lat' dir='ltr'><strong>iuturus.</strong></span> <span class='ocrx_word' id='word_1_815' title='bbox 1185 4898 1278 4953; x_wconf 87' lang='lat' dir='ltr'><strong>Potuit</strong></span> <span class='ocrx_word' id='word_1_816' title='bbox 1294 4911 1365 4967; x_wconf 87' lang='lat' dir='ltr'><strong>ergo</strong></span> <span class='ocrx_word' id='word_1_817' title='bbox 1378 4912 1446 4952; x_wconf 87' lang='lat' dir='ltr'><strong>esse</strong></span> <span class='ocrx_word' id='word_1_818' title='bbox 1461 4895 1518 4952; x_wconf 88' lang='lat' dir='ltr'><strong>ista</strong></span> <span class='ocrx_word' id='word_1_819' title='bbox 1532 4893 1712 4965; x_wconf 88' lang='lat' dir='ltr'><strong>significatio</strong></span> <span class='ocrx_word' id='word_1_820' title='bbox 1729 4897 1772 4953; x_wconf 88' lang='lat' dir='ltr'><strong>rei</strong></span> <span class='ocrx_word' id='word_1_821' title='bbox 1787 4902 1873 4954; x_wconf 79' lang='lat' dir='ltr'><strong>tanta</strong></span> 
     </span>
     <span class='ocr_line' id='line_1_118' title="bbox 1042 4983 1874 5057; baseline -0.002 -14"><span class='ocrx_word' id='word_1_822' title='bbox 1042 5003 1061 5043; x_wconf 91' lang='lat' dir='ltr'><strong>a</strong></span> <span class='ocrx_word' id='word_1_823' title='bbox 1076 4985 1243 5057; x_wconf 66' lang='lat' dir='ltr'><strong>maioribus</strong></span> <span class='ocrx_word' id='word_1_824' title='bbox 1254 4984 1482 5055; x_wconf 87' lang='lat' dir='ltr'><strong>cognoscendae,</strong></span> <span class='ocrx_word' id='word_1_825' title='bbox 1493 4998 1556 5040; x_wconf 91' lang='lat' dir='ltr'><strong>non</strong></span> <span class='ocrx_word' id='word_1_826' title='bbox 1566 4998 1585 5039; x_wconf 92' lang='lat' dir='ltr'><strong>a</strong></span> <span class='ocrx_word' id='word_1_827' title='bbox 1597 4983 1724 5055; x_wconf 84' lang='lat' dir='ltr'><strong>parvulo</strong></span> <span class='ocrx_word' id='word_1_828' title='bbox 1735 4986 1874 5055; x_wconf 79' lang='lat' dir='ltr'><strong>cognita,</strong></span> 
     </span>
     <span class='ocr_line' id='line_1_119' title="bbox 1042 5072 1873 5148; baseline -0.002 -15"><span class='ocrx_word' id='word_1_829' title='bbox 1042 5078 1116 5133; x_wconf 88' lang='lat' dir='ltr'><strong>Nam</strong></span> <span class='ocrx_word' id='word_1_830' title='bbox 1134 5090 1242 5148; x_wconf 88' lang='lat' dir='ltr'><strong>neque,</strong></span> <span class='ocrx_word' id='word_1_831' title='bbox 1254 5091 1323 5130; x_wconf 92' lang='lat' dir='ltr'><strong>cum</strong></span> <span class='ocrx_word' id='word_1_832' title='bbox 1333 5074 1467 5131; x_wconf 90' lang='lat' dir='ltr'><strong>hocante</strong></span> <span class='ocrx_word' id='word_1_833' title='bbox 1478 5073 1508 5129; x_wconf 92' lang='lat' dir='ltr'><strong>in</strong></span> <span class='ocrx_word' id='word_1_834' title='bbox 1522 5072 1682 5143; x_wconf 83' lang='lat' dir='ltr'><strong>Evangelio</strong></span> <span class='ocrx_word' id='word_1_835' title='bbox 1692 5080 1873 5140; x_wconf 88' lang='lat' dir='ltr'><strong>narraretur,</strong></span> 
     </span>
     <span class='ocr_line' id='line_1_120' title="bbox 1042 5162 1875 5233; baseline -0.001 -11"><span class='ocrx_word' id='word_1_836' title='bbox 1042 5164 1222 5230; x_wconf 90' lang='lat' dir='ltr'><strong>dictumest,</strong></span> <span class='ocrx_word' id='word_1_837' title='bbox 1239 5162 1367 5221; x_wconf 83' lang='lat' dir='ltr'><strong>Credidit</strong></span> <span class='ocrx_word' id='word_1_838' title='bbox 1382 5163 1480 5219; x_wconf 88' lang='lat' dir='ltr'><strong>iulans</strong></span> <span class='ocrx_word' id='word_1_839' title='bbox 1495 5162 1525 5218; x_wconf 91' lang='lat' dir='ltr'><strong>in</strong></span> <span class='ocrx_word' id='word_1_840' title='bbox 1541 5166 1625 5218; x_wconf 92' lang='lat' dir='ltr'><strong>utero</strong></span> <span class='ocrx_word' id='word_1_841' title='bbox 1638 5162 1723 5233; x_wconf 76' lang='lat' dir='ltr'><strong>aJus3</strong></span> <span class='ocrx_word' id='word_1_842' title='bbox 1740 5162 1808 5230; x_wconf 89' lang='lat' dir='ltr'><strong>sed,</strong></span> <span class='ocrx_word' id='word_1_843' title='bbox 1824 5178 1875 5220; x_wconf 75' lang='lat' dir='ltr'><strong>ec·</strong></span> 
     </span>
     <span class='ocr_line' id='line_1_121' title="bbox 1041 5250 1873 5326; baseline -0.005 -17"><span class='ocrx_word' id='word_1_844' title='bbox 1041 5254 1187 5311; x_wconf 84' lang='lat' dir='ltr'><strong>saltavit:</strong></span> <span class='ocrx_word' id='word_1_845' title='bbox 1200 5269 1297 5326; x_wconf 87' lang='lat' dir='ltr'><strong>neque</strong></span> <span class='ocrx_word' id='word_1_846' title='bbox 1311 5252 1377 5326; x_wconf 89' lang='lat' dir='ltr'><strong>ipsa</strong></span> <span class='ocrx_word' id='word_1_847' title='bbox 1387 5251 1469 5324; x_wconf 85' lang='lat' dir='ltr'><strong>dixit,</strong></span> <span class='ocrx_word' id='word_1_848' title='bbox 1484 5251 1650 5308; x_wconf 85' lang='lat' dir='ltr'><strong>Exsultavit</strong></span> <span class='ocrx_word' id='word_1_849' title='bbox 1659 5250 1690 5306; x_wconf 90' lang='lat' dir='ltr'><strong>in</strong></span> <span class='ocrx_word' id='word_1_850' title='bbox 1703 5251 1765 5308; x_wconf 88' lang='lat' dir='ltr'><strong>fide</strong></span> <span class='ocrx_word' id='word_1_851' title='bbox 1777 5252 1873 5308; x_wconf 87' lang='lat' dir='ltr'><strong>inians</strong></span> 
     </span>
     <span class='ocr_line' id='line_1_122' title="bbox 1041 5340 1874 5412; baseline -0.005 -14"><span class='ocrx_word' id='word_1_852' title='bbox 1041 5342 1073 5398; x_wconf 90' lang='lat' dir='ltr'><strong>in</strong></span> <span class='ocrx_word' id='word_1_853' title='bbox 1086 5348 1169 5398; x_wconf 88' lang='lat' dir='ltr'><strong>utero</strong></span> <span class='ocrx_word' id='word_1_854' title='bbox 1189 5358 1276 5410; x_wconf 83' lang='lat' dir='ltr'><strong>meo;</strong></span> <span class='ocrx_word' id='word_1_855' title='bbox 1293 5342 1356 5406; x_wconf 89' lang='lat' dir='ltr'><strong>sed,</strong></span> <span class='ocrx_word' id='word_1_856' title='bbox 1372 5342 1527 5399; x_wconf 76' lang='lat' dir='ltr'><strong>exsultavit</strong></span> <span class='ocrx_word' id='word_1_857' title='bbox 1542 5341 1574 5396; x_wconf 84' lang='lat' dir='ltr'><strong>ia</strong></span> <span class='ocrx_word' id='word_1_858' title='bbox 1592 5341 1716 5412; x_wconf 74' lang='lat' dir='ltr'><strong>quartia.</strong></span> <span class='ocrx_word' id='word_1_859' title='bbox 1733 5340 1874 5397; x_wconf 80' lang='lat' dir='ltr'><strong>Videmus</strong></span> 
     </span>
     <span class='ocr_line' id='line_1_123' title="bbox 1042 5428 1873 5500; baseline -0.005 -13"><span class='ocrx_word' id='word_1_860' title='bbox 1042 5435 1144 5487; x_wconf 87' lang='lat' dir='ltr'><strong>autern</strong></span> <span class='ocrx_word' id='word_1_861' title='bbox 1159 5431 1387 5487; x_wconf 82' lang='lat' dir='ltr'><strong>exsultationem</strong></span> <span class='ocrx_word' id='word_1_862' title='bbox 1401 5445 1462 5486; x_wconf 89' lang='lat' dir='ltr'><strong>non</strong></span> <span class='ocrx_word' id='word_1_863' title='bbox 1477 5429 1576 5486; x_wconf 92' lang='lat' dir='ltr'><strong>solum</strong></span> <span class='ocrx_word' id='word_1_864' title='bbox 1591 5428 1803 5500; x_wconf 81' lang='lat' dir='ltr'><strong>parvulorum,</strong></span> <span class='ocrx_word' id='word_1_865' title='bbox 1823 5428 1873 5486; x_wconf 90' lang='lat' dir='ltr'><strong>sed</strong></span> 
     </span>
     <span class='ocr_line' id='line_1_124' title="bbox 1042 5517 1873 5593; baseline -0.004 -17"><span class='ocrx_word' id='word_1_866' title='bbox 1042 5520 1131 5577; x_wconf 88' lang='lat' dir='ltr'><strong>etiam</strong></span> <span class='ocrx_word' id='word_1_867' title='bbox 1142 5536 1297 5592; x_wconf 90' lang='lat' dir='ltr'><strong>pecorum,</strong></span> <span class='ocrx_word' id='word_1_868' title='bbox 1312 5535 1372 5576; x_wconf 91' lang='lat' dir='ltr'><strong>non</strong></span> <span class='ocrx_word' id='word_1_869' title='bbox 1386 5519 1488 5593; x_wconf 86' lang='lat' dir='ltr'><strong>utique</strong></span> <span class='ocrx_word' id='word_1_870' title='bbox 1500 5518 1538 5575; x_wconf 92' lang='lat' dir='ltr'><strong>de</strong></span> <span class='ocrx_word' id='word_1_871' title='bbox 1553 5517 1655 5590; x_wconf 89' lang='lat' dir='ltr'><strong>aliqua</strong></span> <span class='ocrx_word' id='word_1_872' title='bbox 1667 5517 1740 5589; x_wconf 85' lang='lat' dir='ltr'><strong>lide,</strong></span> <span class='ocrx_word' id='word_1_873' title='bbox 1751 5518 1799 5575; x_wconf 85' lang='lat' dir='ltr'><strong>vel</strong></span> <span class='ocrx_word' id='word_1_874' title='bbox 1808 5518 1873 5575; x_wconf 89' lang='lat' dir='ltr'><strong>reli·</strong></span> 
     </span>
     <span class='ocr_line' id='line_1_125' title="bbox 1041 5604 1873 5683; baseline -0.002 -18"><span class='ocrx_word' id='word_1_875' title='bbox 1041 5607 1142 5681; x_wconf 87' lang='lat' dir='ltr'><strong>gione‚</strong></span> <span class='ocrx_word' id='word_1_876' title='bbox 1154 5609 1200 5667; x_wconf 85' lang='lat' dir='ltr'><strong>vel</strong></span> <span class='ocrx_word' id='word_1_877' title='bbox 1210 5609 1422 5683; x_wconf 88' lang='lat' dir='ltr'><strong>qualicumque</strong></span> <span class='ocrx_word' id='word_1_878' title='bbox 1431 5605 1569 5666; x_wconf 86' lang='lat' dir='ltr'><strong>rationali</strong></span> <span class='ocrx_word' id='word_1_879' title='bbox 1576 5604 1749 5679; x_wconf 87' lang='lat' dir='ltr'><strong>cognitione</strong></span> <span class='ocrx_word' id='word_1_880' title='bbox 1756 5607 1873 5665; x_wconf 86' lang='lat' dir='ltr'><strong>venien·</strong></span> 
     </span>
    </p>
   </div>
   <div class='ocr_carea' id='block_1_7' title="bbox 0 0 1980 6128">
    <p class='ocr_par' dir='ltr' id='par_1_12' title="bbox 0 0 1980 6128">
     <span class='ocr_line' id='line_1_126' title="bbox 0 0 1980 6128; baseline 0 0"><span class='ocrx_word' id='word_1_881' title='bbox 0 0 1980 6128; x_wconf 95' lang='lat' dir='ltr'><strong> </strong></span> 
     </span>
    </p>
   </div>
  </div>
 </body>
</html>
