3952 6128
90 130 146 191 833
707 131 960 191 nrtsronaantt
979 130 1126 189 ctassts
1147 130 1195 188 111.
1744 139 1798 199 831

89 274 185 332 quam
200 258 230 315 in
244 258 336 330 hujus
348 257 446 315 seculi
459 258 717 330 dignitate,litteris
731 259 791 317 tuis
802 258 916 317 tardius
970 257 1075 315 anima
1086 254 1180 323 carni,
1192 255 1796 331 velanimoeipsimenshumanedeiuerit.

89 347 280 420 respondisse
290 363 383 419 quarn
398 347 499 404 debui.
517 347 608 420 Cujus
621 348 662 405 rel
676 364 786 407 causas
803 347 915 405 nollem
1004 346 1574 421 5.Siergosecundumhominemquem
1584 351 1797 410 Verbumlleus

89 453 249 511 quaereres,
265 453 301 492 ne
317 437 471 492 molestius
488 437 628 493 meteres
643 437 755 495 diutius
769 451 913 494 exctrsan·
969 437 1109 507 suscepit,
1123 440 1265 507 putamus
1275 436 1472 503 dictumesse,
1484 440 1576 495 Hodie
1586 445 1797 499 nserrnnerisin

89 533 160 592 tem,
177 542 270 598 quam
283 526 427 598 pertulisti
444 527 559 582 tardius
582 526 796 584 rescribentem
813 544 820 593 ;
844 542 914 582 cum
965 525 1120 596 posedire,
1134 540 1195 579 non
1213 541 1249 580 ex
1264 524 1309 580 his
1325 526 1424 580 verbis
1444 527 1472 581 in
1489 527 1564 582 emto
1580 529 1797 587 existimandus

89 620 180 686 egote
193 613 295 669 malim
306 614 805 686 eliensionimerelacileignoscere,
820 628 915 686 quam
969 614 1453 686 estesseparadisus:nequeenim
1471 616 1536 687 ipsu
1546 616 1796 675 dieineoelolutn·

89 704 127 759 de
151 719 219 759 mea
242 701 415 758 defensione
441 682 615 776 judicare?
635 719 834 776 quaecumque
858 702 914 758 illas
968 717 1019 758 rus
1033 707 1097 758 erat
1110 702 1343 759 lromoChristus
1357 703 1515 774 Jesus3sed
1527 703 1555 759 in
1570 704 1797 762 internosecun·

89 809 189 849 causee
201 792 319 858 fuerint,
331 792 417 847 erede
432 792 548 849 nullum
563 794 605 849 tui
626 792 707 865 apud
723 809 770 848 me
785 809 852 848 esse
864 808 915 864 po·
968 791 1041 847 dum
1057 792 1205 855 animum,
1224 792 1253 847 in
1267 791 1403 864 sepulcro
1419 798 1519 848 autern
1542 795 1709 850 secuudum
1732 811 1797 852 car·

90 882 183 939 tuisse
198 886 412 953 contemptum.
423 882 484 937 imo
496 882 575 937 enim
589 881 777 938 velocissime
790 882 914 952 rescrip·
968 896 1047 937 nem.
1064 882 1097 937 Et
1111 880 1149 936 de
1163 896 1253 937 carne
1267 881 1390 952 quidem
1403 881 1487 953 quod
1502 896 1537 937 eo
1552 881 1600 938 dio
1614 884 1644 938 in
1659 885 1797 956 sepulcro

87 971 208 1037 sissem,
221 970 246 1025 si
264 971 557 1042 secantempsissem.
574 974 631 1027 Nec
656 971 747 1028 modo
761 971 835 1044 quia
852 975 914 1026 tan-

87 1061 157 1116 dem
168 1059 332 1132 aliqnando
348 1060 494 1132 rescripsi,
516 1060 582 1117 ideo
603 1060 710 1116 saltem
729 1059 915 1116 tandemati·

88 1147 213 1221 quando
239 1148 362 1218 dignum
387 1147 501 1219 aliquid
519 1152 547 1204 te
569 1148 679 1205 lectore
698 1148 820 1205 molitus
833 1164 912 1214 sum,

87 1241 116 1293 et
128 1236 211 1309 quod
227 1236 331 1292 merito
342 1236 458 1307 possim
473 1238 826 1309 tuonomlnepraenotare
839 1255 846 1305 ;
860 1237 914 1293 sed

87 1325 416 1397 rescribereutcumque
423 1325 490 1397 jam
501 1325 704 1397 malui,quam
718 1325 780 1397 pati
794 1328 824 1381 et
833 1325 914 1381 hano

89 1421 223 1471 aestatem
239 1416 247 1451 ¹
264 1430 310 1470 me
323 1414 414 1484 hujus
424 1414 515 1470 otiicli
542 1414 676 1470 debitore
691 1414 827 1470 transire.
856 1417 913 1469 Nec

89 1511 140 1561 tua
160 1519 210 1559 me
228 1502 609 1575 dignitastsrruitlecitque
626 1507 827 1568 cunctantem,
843 1517 913 1558 cum

87 1594 125 1650 sit
136 1592 277 1648 humanis
297 1596 344 1646 tua
358 1591 472 1662 gratior
484 1607 579 1664 quam
596 1593 647 1648 illa
662 1592 838 1664 suspectior.
855 1590 913 1646 Sed

87 1682 168 1738 unde
178 1684 206 1737 te
222 1681 318 1752 magis
333 1696 415 1745 amo,
427 1680 496 1736 hinc
512 1680 660 1736 difficilius
675 1679 913 1737 undesuiliciam

88 1776 179 1828 tantre
192 1769 327 1825 aviditati
343 1767 474 1839 religiosi
484 1768 524 1824 tui
535 1769 647 1825 amoris
657 1769 787 1825 invenio

123 1865 150 1915 2.
172 1860 234 1914 ltnc
251 1859 388 1923 accessit,
407 1858 490 1930 quod
510 1863 616 1930 praeter
631 1862 742 1914 mutuae
761 1857 914 1915 charitatis

87 1949 254 2011 flammam,
267 1964 328 2020 qua
342 1947 374 2002 fn
384 1952 415 2003 ut
430 1948 520 2003 etiam
531 1962 592 2014 eos,
608 1963 686 2019 quos
701 1962 859 2019 nunquam
873 1947 914 2002 vi·

85 2038 197 2108 dimus,
211 2037 383 2107 diligamus,
396 2035 468 2091 drrm
479 2051 530 2091 eos
544 2036 652 2091 habere
665 2035 749 2108 quod
761 2035 913 2105 diligimus

87 2127 249 2191 credimus,
264 2126 315 2181 ubi
332 2140 379 2180 me
400 2125 502 2197 utiquc
514 2125 695 2196 prevenisti,
713 2125 867 2197 fecistique
883 2129 914 2182 ut

87 2232 190 2272 verear
205 2216 234 2271 in
248 2231 295 2270 me
311 2214 407 2286 decipi
422 2214 597 2285 opinionem
612 2220 703 2285 atque
719 2214 912 2286 exspectatio·

84 2321 155 2361 nem
170 2310 251 2361 tuam
266 2322 272 2359 :
288 2309 395 2376 preter
407 2303 464 2359 hoe
478 2318 550 2373 ergo
564 2302 636 2358 milri
650 2303 723 2358 tales
733 2302 914 2374 quaestiones

85 2395 117 2450 in
129 2400 178 2450 tna
188 2393 313 2465 epistola
323 2392 514 2464 proposuisti,
526 2408 591 2464 quae
600 2393 623 2446 si
634 2408 653 2447 a
661 2391 796 2464 quolibet
806 2407 916 2465 propo·

84 2484 147 2539 sitm
159 2482 262 2548 forent,
279 2482 469 2553 otioquoque
480 2496 559 2546 meo,
573 2481 656 2553 quod
669 2479 742 2536 mihi
755 2481 835 2546 detit,
853 2496 914 2537 non

84 2587 211 2645 parvum
221 2571 374 2641 negotium
385 2571 490 2625 tierent
500 2572 520 2623 ².
534 2570 607 2625 Cum
618 2585 688 2625 vero
699 2570 752 2625 ahs
765 2573 791 2625 te
804 2585 914 2641 propo·

85 2665 209 2726 nentur,
223 2661 269 2716 cui
282 2658 433 2731 profunda
445 2657 565 2714 rimanti
579 2657 737 2714 solutionis
748 2674 854 2714 earum
865 2675 916 2714 su-

84 2749 222 2823 perficies
236 2765 429 2822 nequaquam
443 2753 489 2803 sat
501 2752 554 2812 est,
566 2755 594 2803 et
604 2754 813 2820 proponuntur
828 2763 915 2803 occu·

84 2839 242 2911 potissimo
256 2838 441 2909 aliorumque
457 2853 598 2892 curarum
614 2836 745 2892 molibus
761 2836 870 2893 vallato
886 2840 915 2893 et

84 2929 227 2986 obstricto
240 2946 247 2995 ;
265 2933 321 2984 tue
331 2925 496 2999 prudentiae
509 2931 555 2981 est
567 2930 596 2981 et
605 2925 819 2981 benevolentias
832 2925 913 2995 cogi·

84 3022 147 3074 tare
162 3032 255 3089 quam
274 3022 301 3073 te
320 3014 471 3087 placidum
488 3013 598 3070 habere
614 3013 751 3080 debeam,
772 3013 817 3069 rel
831 3013 914 3086 quod

83 3107 137 3163 diu
152 3122 213 3163 non
232 3103 385 3177 respondi,
402 3103 448 3159 vel
468 3103 493 3158 si
512 3103 602 3159 etiam
624 3118 706 3159 nune
726 3119 781 3176 pro
797 3107 854 3159 tum
869 3103 913 3160 in·

82 3196 224 3253 tentionis
235 3193 401 3266 granditate
414 3207 475 3249 non
484 3192 678 3264 respondero.

119 3280 912 3352 cernitu-3.onerisigitureserttamrcoertioni-

79 3392 154 3432 oum
170 3375 252 3430 bomo
273 3374 407 3431 Christos
423 3372 507 3428 lesos
522 3371 667 3444 quomodo
682 3387 762 3428 nunc
778 3386 837 3428 esse
853 3386 912 3429 ere·

81 3466 175 3521 datur
189 3466 219 3519 in
233 3462 314 3527 roeto,
328 3479 390 3517 curn
403 3461 529 3532 pendens
545 3461 577 3517 in
592 3461 678 3532 tione,
687 3463 812 3533 jamque
825 3460 911 3517 mori·

82 3560 178 3617 torus,
197 3552 308 3610 tatrorri
323 3549 453 3607 credenti
472 3550 583 3607 dicerit
595 3568 606 3604 :
622 3550 718 3607 Hodie
731 3565 840 3608 merom
853 3551 911 3607 eris

80 3645 113 3699 io
127 3642 270 3712 paradiso
285 3643 370 3713 (Leo.
389 3657 471 3709 xxrn,
486 3644 542 3709 43).
559 3642 590 3695 Et
604 3639 673 3695 hinc
686 3637 810 3695 tortasse
828 3638 912 3695 intel·

81 3731 238 3804 ligandum
259 3730 334 3785 dicis
359 3729 548 3800 paradisum,
568 3728 656 3800 quasi
674 3728 704 3782 in
723 3727 825 3800 aliqua
845 3726 912 3783 eoeli

81 3828 167 3894 parte
182 3820 323 3892 positum,
332 3823 393 3884 aut,
407 3819 479 3890 quia
489 3817 600 3889 ubique
612 3817 689 3872 Deus
701 3816 747 3881 sit,
757 3816 912 3872 hominem

81 3925 203 3983 quoque
218 3908 302 3964 illum
318 3908 370 3980 qul
387 3908 416 3962 in
433 3910 492 3963 ileo
508 3907 545 3962 sit
559 3905 671 3978 ubique
690 3904 836 3961 dillusum
852 3923 859 3973 ;
875 3920 912 3960 ex

81 3999 140 4056 hoc
148 3998 293 4055 nimirum
303 3996 425 4067 intelligi
433 3996 533 4053 volens
547 3995 637 4051 etiam
648 3995 678 4050 in
692 3993 832 4066 paradiso
846 4009 912 4051 esse

81 4089 218 4162 potuisse
235 4087 288 4161 qui
304 4086 415 4159 ubique
435 4086 482 4141 sit.

118 4180 149 4235 t.
163 4177 397 4248 Ubiegoqurerq
407 4174 453 4229 vel
463 4173 563 4246 potius
575 4171 910 4244 agnoscoquemadmo·

82 4269 155 4324 dum
167 4264 300 4337 accipias
309 4264 464 4321 hominem
475 4262 632 4318 Christum.
645 4264 708 4317 Non
720 4261 824 4333 utique
837 4262 913 4318 sicut

81 4355 208 4429 quidam
227 4353 367 4420 haeretici,
383 4351 514 4408 Verbum
534 4351 586 4406 Dei
601 4356 628 4407 et
643 4366 776 4421 caruem,
795 4351 853 4407 hoc
868 4355 913 4408 est

82 4446 147 4502 sine
164 4444 267 4501 anima
285 4443 443 4513 humana;
465 4446 498 4496 ut
512 4439 642 4496 Verbum
661 4444 740 4496 esset
759 4440 842 4496 carni
856 4456 911 4513 pro

83 4533 207 4592 anima:
224 4532 269 4588 rel
280 4531 411 4588 Verbum
423 4531 474 4587 Dei
487 4536 515 4587 et
525 4530 659 4585 animam
673 4533 701 4586 et
711 4544 844 4600 carnem,
859 4528 912 4585 sed

83 4623 149 4679 sine
164 4626 265 4679 mente
279 4620 416 4677 humana
432 4638 439 4689 ;
456 4623 486 4675 ut
504 4618 628 4674 verbum
643 4617 694 4674 Dei
709 4622 787 4674 esset
802 4617 911 4674 animm

83 4711 388 4786 promentehumana
401 4708 451 4779 (o).
461 4709 525 4764 Non
537 4706 639 4777 utique
648 4705 912 4777 sicaceipishomi·

83 4816 153 4858 nem
171 4801 331 4866 Christum,
351 4798 404 4853 sed
422 4798 497 4852 sicut
513 4795 650 4866 superius
665 4795 783 4851 loeutus
800 4811 841 4862 es,
860 4794 912 4851 ubi

82 4887 545 4958 aistiChristumomnipotentem
553 4884 912 4940 Deumeaterationecre-

82 4972 913 5049 dulitatisaccipere,utileumnoncrederes,nisiperiec·

84 5069 248 5126 tumeliam
257 5062 912 5123 hominemcredidisses.Proiectocumdlcis

81 5155 417 5228 hominempertectum,
426 5158 518 5210 totam
527 5153 584 5209 illic
596 5156 735 5209 naturam
743 5152 911 5209 humanam

84 5246 129 5302 ris
139 5244 263 5315 intelligi
278 5247 416 5300 :nonest
432 5246 532 5298 autem
541 5240 634 5297 hemo
649 5240 807 5313 perlectus,
824 5239 849 5295 si
864 5240 910 5296 vel

115 5371 122 5402 ¹
140 5366 217 5423 Ede„
234 5370 342 5415 etatem.
355 5367 389 5414 nt
403 5365 465 5414 Mss.
476 5363 620 5419 sexdecim,
632 5368 754 5412 estatem.

114 5430 187 5481 ‘Sic
202 5430 265 5479 lias.
279 5442 372 5479 omnes
385 5443 390 5476 :
404 5428 450 5476 ubi
468 5427 509 5475 Er.
527 5429 555 5476 et
569 5426 633 5474 Lor.
648 5426 758 5482 habent,
773 5425 913 5488 quodruiiri

84 5494 161 5550 deest,
178 5506 232 5565 non
248 5506 360 5565 porcum
374 5489 644 5561 capotiumsorerent.
785 5551 790 5561 Ι
845 5551 850 5562 Ι

116 5556 142 5618 (a
167 5557 307 5611 Arsennex
321 5554 368 5604 lib.
382 5551 561 5610 defleresrh,
575 5552 650 5608 c.iil;
666 5552 692 5600 et
704 5549 911 5616 apollinaristas,

83 5557 173 5675 lllusb,
191 5631 214 5668 c.
233 5618 272 5666 55.

969 969 1125 1041 sitposita,
1139 968 1415 1025 manifestissimum
1425 974 1470 1025 est
1482 970 1673 1040 Evangelium
1690 990 1697 1024 ι
1711 973 1795 1044 quod

968 1074 1039 1114 vero
1050 1057 1100 1114 illa
1108 1058 1209 1114 unirna
1220 1058 1250 1113 in
1261 1058 1410 1113 infernum
1420 1058 1620 1125 descenderit,
1632 1062 1797 1132 apostolica

967 1147 1104 1203 doctrina
1120 1148 1285 1218 praedicam
1305 1148 1554 1220 quandoquidem
1572 1149 1676 1205 heatus
1697 1152 1795 1206 Petrus

968 1236 1098 1292 adhunc
1111 1252 1174 1292 rem
1190 1234 1393 1292 testimonium
1406 1235 1444 1292 de
1459 1235 1581 1292 Psalmis
1593 1237 1725 1305 adhibet,
1745 1238 1796 1295 ubi

967 1325 1144 1396 pradictum
1158 1341 1222 1380 esse
1235 1325 1431 1393 demonstrat,
1449 1324 1583 1392 Quoreioa
1597 1343 1657 1383 non
1667 1327 1796 1384 deretin-

967 1429 1037 1486 qoes
1046 1414 1176 1471 ariniara
1186 1411 1317 1471 meornr‘n
1327 1415 1554 1487 internamque
1564 1415 1795 1473 dnbissonrtnnr

968 1508 1048 1557 tuum
1058 1502 1375 1570 uidererorruptiouenr
1385 1502 1453 1571 (Act.
1464 1505 1545 1567 ruht,
1557 1505 1670 1560 etPset.
1679 1520 1726 1569 xv,
1739 1505 1795 1574 ro).

967 1591 1195 1647 llluddeanime
1204 1590 1376 1655 dictumest,
1387 1591 1527 1662 quianon
1541 1592 1581 1647 ibi
1593 1593 1795 1659 estderelicta,

969 1678 1048 1736 unde
1063 1680 1193 1736 tamcito
1206 1679 1367 1738 remeavit:
1381 1677 1454 1735 illud
1469 1681 1506 1735 de
1521 1696 1656 1753 corpore,
1668 1681 1750 1754 (ruod
1765 1682 1796 1737 in

968 1768 1105 1840 sepulcro
1120 1767 1272 1840 corrumpi
1285 1768 1372 1823 celeri
1386 1769 1603 1825 resurrectione
1616 1785 1677 1825 non
1690 1771 1795 1843 potuit.

967 1857 1025 1914 Sed
1041 1858 1070 1913 in
1085 1856 1221 1930 sepulcro
1239 1856 1414 1929 paradisum
1429 1857 1529 1914 nullus
1548 1859 1696 1930 intelligit.
1717 1863 1750 1917 nt
1770 1859 1796 1917 si

967 1947 1131 2019 quisquam
1144 1951 1221 2002 esset
1233 1947 1274 2002 ita
1284 1945 1444 2012 absurdus,
1459 1952 1490 2002 ut
1502 1947 1559 2004 hoc
1574 1964 1679 2021 sapere
1691 1965 1797 2005 corna·

967 2041 1058 2103 retur,
1069 2051 1105 2092 eo
1116 2035 1198 2108 quod
1209 2035 1282 2091 illud
1293 2035 1464 2107 sepulcrum
1477 2037 1507 2091 in
1522 2038 1608 2093 horto
1623 2044 1685 2094 erat
1698 2055 1705 2103 ;
1717 2043 1794 2095 certe

968 2125 1083 2182 hincab
1095 2127 1152 2183 ista
1162 2126 1304 2197 opinione
1314 2132 1511 2191 revocaretur,
1521 2126 1604 2197 quod
1617 2125 1664 2182 ille
1676 2127 1724 2183 cui
1736 2128 1797 2184 die-

969 2222 1032 2273 tum
1045 2220 1100 2283 est,
1114 2215 1208 2271 Hodie
1217 2230 1331 2271 mertem
1342 2214 1399 2271 eris
1407 2215 1439 2270 ia
1453 2216 1605 2285 paradiso,
1616 2232 1677 2272 non
1688 2216 1736 2272 ille
1747 2218 1796 2274 die

968 2304 1103 2361 luitcum
1118 2303 1230 2360 Christo
1240 2305 1270 2359 in
1281 2303 1331 2359 illo
1345 2304 1482 2375 sepulcro
1497 2322 1504 2359 ε
1518 2320 1573 2360 nec
1584 2305 1649 2376 ejus
1660 2304 1726 2361 huet
1741 2322 1795 2378 pro

969 2408 1082 2464 magno
1103 2408 1226 2448 munere
1245 2391 1402 2448 offerretur
1423 2391 1576 2464 sepultura
1592 2395 1700 2459 carnis,
1722 2394 1795 2450 nihil

969 2481 1071 2552 gandii
1083 2481 1129 2538 vel
1141 2481 1253 2538 doloris
1268 2481 1299 2536 in
1315 2487 1410 2538 morte
1430 2483 1594 2549 sentientis,
1610 2499 1677 2539 cum
1694 2484 1742 2540 ille
1757 2484 1795 2540 de

968 2571 1070 2644 requie
1083 2571 1134 2627 ubi
1148 2586 1254 2626 sensus
1267 2575 1312 2626 est
1325 2571 1479 2642 cogitaret.

1004 2665 1030 2717 6.
1043 2660 1238 2730 Restatigitur
1250 2665 1291 2730 ut,
1303 2659 1329 2714 si
1341 2659 1507 2715 secundum
1516 2660 1670 2717 hominem
1683 2661 1796 2719 dictum

968 2753 1022 2813 est,
1034 2750 1128 2805 Hodie
1143 2764 1253 2805 orecurn
1266 2748 1321 2804 eris
1336 2749 1368 2804 in
1378 2749 1526 2817 paradiso,
1543 2750 1574 2804 iu
1587 2750 1797 2807 internointel-

967 2836 1147 2909 ligeturesse
1159 2837 1456 2909 paradisus,ubierat
1464 2854 1499 2893 eo
1508 2839 1555 2894 die
1564 2839 1680 2895 iuturus
1692 2856 1797 2896 secun·

968 2928 1042 2983 dum
1061 2927 1228 2983 humanam
1251 2927 1385 2982 animam
1407 2925 1549 2983 Christus.
1573 2930 1674 2984 lttrnm
1695 2934 1796 2984 nutem

968 3015 1103 3072 sinusille
1111 3016 1400 3080 Abrahaeubidives
1409 3016 1633 3087 impiuscumin
1643 3017 1797 3072 tormentis

967 3110 1046 3162 esset
1068 3105 1188 3174 interni,
1208 3107 1444 3178 requiescentem
1461 3121 1627 3177 pauperem
1646 3106 1727 3173 vidit,
1750 3105 1797 3162 vel

967 3195 1098 3268 paradisi
1113 3195 1283 3251 censendus
1299 3196 1457 3263 vocabulo,
1469 3196 1513 3252 vel
1529 3194 1567 3250 ad
1582 3194 1693 3251 interos
1707 3195 1797 3267 perti-

966 3300 1036 3341 nere
1051 3283 1271 3340 existimandus
1287 3283 1332 3349 sit,
1350 3297 1411 3338 non
1427 3281 1512 3337 iacile
1532 3282 1669 3339 dixerim.
1693 3283 1796 3340 ticillo

966 3371 1796 3447 quippedivitelegimusdictumesse,tttortoosestautem

966 3469 993 3520 et
1003 3464 1128 3526 dissert
1138 3463 1271 3532 sepultos
1282 3461 1359 3516 estio
1371 3461 1490 3531 inferno
1497 3467 1552 3531 ;et,
1560 3463 1711 3534 eumnpud
1720 3462 1798 3532 iose-

965 3550 1799 3622 rosintormentisesset.lnpauperisantemmortevelre-

965 3640 1035 3713 quie
1045 3656 1107 3696 uon
1116 3645 1186 3695 sunt
1196 3638 1281 3695 inferi
1289 3638 1435 3695 nominati
1444 3655 1450 3694 :
1459 3640 1522 3711 sed,
1536 3641 1678 3712 Contipit,
1690 3641 1796 3713 inquit,

965 3731 1043 3787 mori
1054 3731 1166 3801 inopem
1181 3728 1275 3796 ittam,
1291 3735 1318 3785 et
1332 3729 1635 3800 reformidanda
1651 3730 1682 3786 in
1699 3731 1796 3786 sinam

965 3819 1107 3876 Adraha.
1124 3818 1234 3874 Deinde
1249 3818 1366 3873 ardenti
1380 3818 1465 3873 diviti
1482 3819 1553 3874 dicit
1568 3818 1730 3885 Abraham,
1747 3818 1798 3874 to·

967 3914 1012 3966 ter
1023 3924 1074 3965 reos
1085 3912 1112 3964 et
1124 3923 1173 3963 vos
1183 3907 1267 3963 circos
1281 3921 1420 3976 moenum
1431 3908 1579 3976 firmctenc
1593 3914 1634 3963 est
1643 3909 1723 3978 (Luc.
1737 3922 1796 3977 xvi,

965 3999 1077 4068 hebor:
1094 4001 1241 4068 tanquam
1255 3997 1331 4052 inter
1342 3996 1453 4052 inferos
1468 3996 1612 4068 sedesque
1626 3995 1795 4052 beatorum.

965 4088 1030 4144 Non
1054 4086 1133 4143 enlm
1155 4084 1241 4143 tacite
1261 4085 1370 4143 alieubi
1391 4086 1610 4158 scripturarum
1632 4085 1795 4141 interorum

965 4175 1507 4248 nomenposituminvenituriuhono.
1519 4171 1796 4246 Undeetiumquasri

966 4266 1049 4336 solet,
1062 4265 1086 4321 si
1097 4265 1216 4321 nonnisi
1227 4265 1357 4337 poenalia
1369 4271 1446 4321 recte
1456 4263 1795 4334 intelligunturinierna,

965 4355 1120 4428 quomodo
1140 4355 1275 4411 animam
1296 4355 1413 4410 Domini
1434 4354 1541 4411 Christi
1566 4354 1613 4424 pie
1638 4352 1796 4408 credamus

965 4444 1056 4500 luisse
1071 4443 1100 4498 in
1115 4442 1242 4500 inferno.
1262 4443 1320 4499 Sed
1333 4443 1409 4499 bene
1422 4441 1621 4513 respondetur
1642 4441 1710 4496 ideo
1727 4440 1796 4496 des-

965 4532 1112 4596 cendisse,
1126 4536 1157 4587 ut
1168 4531 1279 4604 quibus
1291 4531 1422 4603 oportuit
1433 4530 1605 4586 subveniret
1616 4545 1622 4583 :
1636 4530 1715 4585 uude
1726 4528 1797 4585 bea-

966 4625 1012 4677 tus
1024 4622 1123 4677 Petrus
1135 4637 1204 4677 eum
1216 4619 1415 4676 dicitsolvisse
1425 4619 1543 4676 stolores
1555 4618 1673 4684 interni,
1687 4619 1717 4673 in
1730 4618 1797 4691 qni·

965 4710 1022 4767 bus
1034 4709 1222 4782 impossihile
1237 4714 1299 4766 erat
1314 4709 1405 4764 teneri
1418 4725 1487 4765 euru
1499 4709 1570 4779 (rtet.
1587 4726 1614 4776 n,
1631 4709 1687 4781 24).
1704 4708 1796 4765 Porro

966 4799 991 4856 si
1006 4805 1129 4872 utraque
1142 4799 1225 4870 regio
1239 4798 1442 4855 etdolsntium
1454 4804 1482 4855 et
1493 4797 1754 4871 requiescentium,
1766 4796 1797 4852 id

966 4893 1019 4955 est,
1031 4893 1060 4945 et
1074 4889 1124 4944 uhi
1135 4889 1216 4945 diaes
1228 4887 1275 4945 ille
1289 4888 1495 4961 torquebatur,
1513 4894 1540 4944 et
1555 4887 1606 4943 uhi
1622 4902 1737 4959 pauper
1750 4884 1797 4943 ille

965 4977 1133 5050 letabatur,
1142 4979 1173 5035 in
1182 4978 1298 5035 interno
1307 4993 1371 5034 esse
1382 4977 1585 5034 credendaest
1593 4993 1600 5043 ;
1608 4976 1675 5049 quis
1687 4974 1798 5031 audeat

966 5067 1064 5125 dicere
1079 5068 1240 5125 Dominum
1254 5069 1356 5124 iesum
1370 5068 1410 5123 ad
1425 5066 1559 5140 poeuales
1575 5064 1681 5120 interni
1697 5067 1797 5135 partos

966 5158 1085 5215 venisse
1099 5157 1322 5222 tantummodo,
1339 5172 1393 5213 nec
1409 5157 1500 5212 tuisse
1515 5154 1597 5226 apud
1611 5168 1663 5209 eos
1678 5153 1750 5225 quid
1766 5152 1798 5209 in

966 5247 1094 5304 Abrehae
1106 5247 1369 5320 sinurequiescunt
1379 5248 1393 5303 i
1404 5246 1458 5303 tthi
1467 5245 1505 5300 sit
1516 5245 1581 5311 tuit,
1592 5245 1655 5315 ipse
1666 5241 1798 5298 estintel·

965 5336 1105 5406 ligendus
1124 5337 1286 5409 paradisus
1302 5351 1392 5408 quem
1411 5334 1535 5389 latronis
1555 5333 1664 5389 animae
1680 5331 1730 5388 illo
1750 5332 1798 5387 die
1901 5378 1916 5397 ,.
1967 5342 1971 5351 ·

965 5425 1110 5496 dignatus
1130 5430 1176 5480 est
1194 5424 1336 5496 polliceri.
1356 5426 1428 5489 One
1448 5422 1472 5477 si
1492 5422 1532 5477 ita
1559 5427 1637 5486 suut,
1658 5419 1797 5492 generate

967 5515 1099 5587 paradisi
1113 5529 1223 5570 nomen
1232 5517 1289 5581 est,
1299 5512 1350 5569 ubi
1358 5512 1478 5568 feliciter
1487 5511 1602 5567 vivitur.
1611 5509 1798 5584 Nequeenim

969 5603 1044 5678 quia
1061 5603 1221 5677 paradisus
1241 5606 1285 5660 est
1303 5600 1472 5675 appellatus
1490 5600 1539 5658 uhi
1554 5600 1650 5659 iidem
1664 5598 1718 5657 luit
1730 5605 1798 5656 ante
