3952 6128
123 156 177 214 tlt

119 282 242 341 delict.
262 282 411 352 limeum),
427 279 583 355 quomodo
602 282 699 353 potest
713 279 751 337 de
767 277 945 338 immortali-

118 374 178 431 tate
193 372 344 430 confidere
360 372 375 429 i
638 366 642 376 '

154 463 198 518 ct.
211 462 243 518 ln
253 459 361 533 quibus
376 458 519 517 omnibns
528 457 733 516 deliramentis
743 458 808 516 brec
820 458 945 531 opinan-

119 550 205 616 tium,
220 549 292 605 illud
306 547 456 622 praecipua
471 547 638 605 dolendum
652 553 706 614 est,
720 548 804 621 quod
821 562 881 604 non
897 562 946 603 su·

119 638 191 695 llicit
205 653 241 694 ea
255 637 381 705 narrari,
399 642 430 694 ut
444 635 527 693 nulla
541 637 724 710 cujusquam
743 636 946 708 disputatione

117 727 500 801 adversanterespnantur3
518 726 572 783 sed
587 725 833 783 acutissimorum
850 724 947 782 bomi-

120 832 193 873 num
214 816 333 888 ingenia
349 816 380 872 id
395 816 484 873 etiam
503 816 658 886 negotium
685 817 892 888 susceperunt,
915 816 947 869 ut

118 906 240 979 copiose
255 906 312 962 ista
331 905 509 972 refellerent,
533 920 602 978 qnae
616 903 715 961 statim
731 903 811 959 dicta
825 903 947 959 etiamr

120 994 302 1053 tardissimis
316 994 446 1051 derideri
461 993 609 1067 abjicique
622 992 801 1051 debuerunt.
818 992 847 1050 si
866 991 946 1049 enim

120 1084 302 1141 concesseris
315 1098 379 1140 esse
389 1087 517 1154 atonms,
535 1083 558 1138 si
574 1081 759 1140 concesseris
768 1082 859 1138 etiam
874 1095 947 1138 con·

119 1189 208 1231 eursu
223 1172 344 1229 fortuito
364 1172 479 1244 seipsas
501 1171 608 1244 pellere
627 1176 656 1228 et
671 1170 807 1242 agitare3
824 1185 897 1226 num
918 1174 949 1226 et

120 1260 194 1318 illud
206 1261 249 1319 eis
260 1261 305 1316 ias
316 1264 361 1316 est
372 1259 586 1327 concederent
595 1260 669 1317 inter
681 1275 712 1316 se
726 1258 818 1317 atomi
828 1258 947 1316 fortuito

121 1353 341 1416 concurrentes,
358 1364 421 1407 rem
441 1349 574 1423 aliquam
589 1350 631 1406 ita
647 1349 817 1415 conficiant,
834 1351 866 1404 ut
879 1363 946 1405 eam

120 1438 219 1497 forma
233 1437 435 1503 modificent¹,
444 1437 540 1509 figura
553 1438 760 1504 determinent,
777 1436 947 1509 aequalitate

123 1527 349 1602 poliant,colore
362 1526 519 1595 illustrent,
528 1527 632 1584 anima
642 1526 873 1600 vegetenthuoe
884 1540 948 1582 om·

122 1619 173 1675 nia
186 1616 269 1674 nullo
292 1617 383 1674 modo
395 1617 450 1673 nisi
471 1620 534 1673 arte
549 1617 657 1674 divinas
675 1615 868 1689 providentias
884 1615 948 1672 lieri

123 1707 210 1775 ridet,
233 1705 371 1780 quisquis
398 1706 493 1776 magis
520 1711 618 1764 mente
639 1721 732 1780 quarn
757 1704 850 1761 oculis
866 1711 950 1763 amat

123 1797 234 1861 videre,
249 1795 341 1869 idque
354 1795 394 1852 ab
408 1810 445 1851 eo
460 1796 601 1867 expetita
614 1811 676 1868 quo
692 1794 789 1852 tactus
805 1800 859 1853 est.
874 1798 948 1852 Nam

122 1900 178 1941 nec
193 1884 277 1959 ipsas
301 1889 418 1941 atomos
432 1899 498 1940 esse
513 1884 574 1942 ullo
600 1884 692 1942 modo
718 1884 948 1942 concedendum

122 1979 169 2032 est
192 1990 200 2042 ;
220 1972 313 2047 qnod,
331 1973 447 2030 omissa
465 1972 624 2031 subtilitate
642 1989 710 2047 quae
738 1972 776 2028 de
804 1973 949 2031 divisione

123 2077 282 2136 corporum
291 2077 309 2119 n
319 2061 414 2119 doctis
425 2063 560 2130 traditur,
571 2061 640 2119 ride
647 2077 741 2134 quam
750 2061 835 2119 lacile
845 2077 951 2119 secun·

122 2155 196 2211 dum
208 2152 341 2225 ipsorum
349 2152 525 2223 opinionem
534 2152 627 2225 possit
636 2150 766 2208 ostendi.
779 2152 860 2208 Certe
868 2150 950 2209 enim

122 2240 182 2315 ipsi
192 2241 296 2298 dieunt
305 2241 409 2298 omnia
418 2256 488 2314 quoe
496 2240 556 2297 sint
568 2244 695 2307 natura,
707 2240 780 2297 nihil
791 2256 858 2297 esse
868 2238 950 2297 aliud

123 2347 216 2405 quam
223 2329 490 2404 corporaetinane,
502 2345 631 2403 quaeque
638 2328 684 2387 bis
697 2329 836 2386 accidant
849 2346 857 2396 ς
870 2328 951 2402 qnod

123 2419 214 2478 oredo
225 2423 340 2477 motum
353 2423 382 2475 et
391 2418 652 2490 pulsumdicereet
666 2422 883 2492 consequentes
894 2417 951 2474 lor·

124 2525 198 2567 mas.
216 2508 320 2564 Dicant
337 2521 410 2577 ergo
422 2507 453 2562 in
467 2522 530 2580 quo
542 2521 651 2578 genera
666 2512 780 2580 ponant
793 2506 950 2579 imagines,

126 2615 203 2671 quas
217 2596 255 2653 de
277 2594 453 2668 corporibus
473 2594 664 2652 solidioribus
686 2594 809 2652 affluere
833 2599 950 2668 putant,

127 2687 208 2760 ipsas
225 2685 348 2741 minime
369 2683 492 2748 solidas,
512 2683 555 2740 ita
574 2689 605 2740 ut
620 2687 700 2740 tactu
722 2684 779 2740 nisi
793 2685 952 2741 oculorum

127 2790 196 2832 curn
210 2772 492 2843 videmus‚etanimi
504 2788 573 2829 cnm
585 2772 765 2846 cogitamus,
778 2772 881 2830 sentiri
890 2788 952 2829 non

128 2862 254 2938 possint,
274 2862 299 2919 si
317 2866 344 2919 et
358 2861 426 2935 ipsa
441 2876 570 2934 corpora
582 2866 661 2918 sunt.
676 2865 751 2920 Nam
765 2862 806 2920 ita
819 2867 950 2930 censent,

128 2957 160 3011 ut
178 2952 258 3010 exire
272 2968 290 3008 a
304 2966 430 3024 corpore
442 2954 472 3006 et
484 2951 583 3008 venire
595 2951 635 3008 ad
648 2950 759 3019 oculos,
777 2951 824 3008 vel
837 2951 877 3009 ad
891 2951 954 3008 ani·

128 3059 211 3100 mum
228 3041 354 3115 possint,
370 3056 459 3115 quem
477 3039 671 3098 nibilominus
684 3040 789 3098 dicunt
800 3056 865 3097 esse
890 3056 954 3098 cor·

9 3156 12 3161 ·
126 3147 263 3207 porcum.
277 3132 383 3199 Quare
395 3135 494 3187 utrum
507 3129 597 3187 etiam
608 3129 648 3188 ab
665 3129 741 3203 ipsis
750 3130 860 3187 atomis
868 3128 954 3187 afflu-

129 3226 181 3279 ant
194 3221 341 3292 imagines
352 3221 367 3278 l
380 3220 409 3279 Si
420 3219 557 3284 allinunt,
569 3219 725 3294 quomodo
734 3220 799 3292 iam
814 3224 884 3277 sunt
893 3224 955 3277 ato·

128 3311 181 3380 mi,
201 3309 345 3384 aquibus
367 3307 469 3381 aliqua
483 3322 610 3380 corpora
625 3312 805 3380 separantur
820 3308 834 3364 l
849 3309 874 3363 si
892 3323 953 3365 non

128 3396 952 3471 affluunt,autpotestatiqnidsineimaginibuscogitari,

128 3487 211 3561 quod
231 3485 422 3543 vehementer
440 3483 544 3541 nolunt
565 3501 574 3551 ;
595 3490 646 3542 ant
662 3485 742 3542 unde
764 3493 873 3542 norunt
892 3488 954 3543 ato·

131 3592 207 3642 mos,
217 3590 294 3649 quas
310 3590 364 3631 nec
377 3572 508 3645 cogitare
518 3578 678 3644 potuerunt
690 3575 705 3632 i
719 3574 775 3631 Sed
788 3575 853 3647 jam
863 3574 955 3648 pudet

129 3665 251 3724 meista
275 3662 416 3730 reiellere,
443 3678 513 3720 cum
528 3678 581 3720 eos
602 3678 664 3719 non
679 3663 800 3736 puderit
818 3664 876 3720 ista
889 3679 955 3720 seu·

129 3755 192 3813 tire.
219 3752 293 3810 Cum
319 3768 391 3810 raro
418 3752 484 3809 ausi
504 3752 563 3809 sint
583 3751 675 3809 etiam
694 3751 865 3819 detondere,
894 3767 954 3809 non

126 3843 191 3917 iam
204 3857 320 3911 sorum,
336 3841 388 3898 sed
409 3840 504 3914 ipsius
517 3841 634 3912 generis
649 3840 775 3900 humani
789 3856 836 3898 me
850 3840 955 3915 pudet,

128 3928 216 4001 cujus
232 3942 321 3984 aures
331 3926 396 3983 brec
409 3924 486 3982 terre
496 3931 667 3999 potuerunt.

164 4017 276 4074 catur
286 4015 319 4072 V.
331 4015 415 4071 -32,
426 4016 499 4072 Cum
507 4014 597 4086 igitur
605 4019 688 4072 tanta
697 4016 734 4072 sit
744 4016 862 4073 caecitas
874 4029 955 4072 men-

760 153 792 212 S.
814 152 1010 213 tonuerint
1027 151 1191 212 EPISCOPI

1771 151 1829 212 438

999 277 1184 337 salutaribus
1196 278 1717 354 praecptisadminiculatl,cradant
1728 278 1828 337 abbis

998 367 1244 441 perplexitatibus
1254 368 1285 424 in
1295 384 1386 426 auras
1400 367 1569 442 purissimae
1583 373 1674 442 atqua
1688 367 1829 425 sinceris·

999 456 1083 514 simae
1098 456 1240 515 veritatis.
1249 458 1341 531 Cujus
1349 458 1519 514 auctoritati
1526 461 1610 514 tanto
1620 456 1760 514 devotius
1773 457 1829 514 ob·

999 547 1158 620 temperari
1181 552 1309 621 oportet,
1334 551 1448 621 quanto
1470 547 1610 605 ridemus
1625 546 1744 604 nullum
1762 546 1829 619 jam

998 651 1128 694 errarem
1145 652 1177 692 se
1189 636 1300 693 audere
1312 636 1464 702 extollere,
1480 636 1519 693 ad
1545 635 1774 709 congregandas
1787 635 1829 691 si·

999 726 1030 784 bi
1055 725 1160 783 turbas
1181 726 1399 799 imperitorum,
1416 724 1467 798 qui
1484 740 1545 782 non
1561 724 1716 782 christiani
1731 724 1818 782 nomi

999 814 1047 872 nis
1059 814 1229 872 velamenta
1243 815 1418 888 conquirat:
1433 813 1679 872 eosautemsoios
1698 831 1736 872 ex
1748 818 1832 872 vete·

999 903 1831 978 ribus,prtetarchristianumnomcninconventinuculis

1000 993 1063 1048 suis
1073 991 1228 1067 aliquanto
1243 994 1253 1031 ¹
1269 992 1454 1066 frequentius
1474 992 1650 1065 perdurare,
1665 993 1718 1066 qui
1732 992 1833 1065 Scrip-

1000 1084 1081 1137 turas
1091 1096 1143 1139 aas
1151 1086 1262 1151 boant,
1276 1097 1413 1155 perqnas
1423 1083 1638 1139 annuntiatum
1653 1096 1719 1138 esse
1730 1081 1832 1155 ipsum

1001 1167 1274 1227 Dominumlesum
1289 1170 1450 1238 Christum,
1466 1185 1498 1227 se
1512 1169 1673 1242 intelligere
1685 1175 1715 1227 et
1729 1168 1832 1227 videre

999 1257 1204 1317 dissimulant.
1221 1260 1311 1317 Porro
1331 1258 1371 1316 illi
1397 1260 1534 1333 quicum
1558 1258 1589 1317 in
1614 1260 1725 1317 unitate
1740 1264 1833 1332 atque

1000 1347 1213 1406 communione
1228 1348 1376 1405 catholica
1390 1364 1449 1404 non
1464 1349 1533 1413 sint,
1549 1347 1713 1405 christiano
1729 1352 1833 1404 tamen

1000 1437 1122 1494 nomine
1143 1436 1319 1508 gloriantur,
1340 1441 1490 1509 coguntur
1507 1435 1663 1494 adversari
1685 1436 1834 1493 credenti·

1000 1525 1069 1590 bus,
1086 1530 1115 1581 et
1125 1525 1238 1583 audent
1252 1526 1406 1598 imperitos
1425 1526 1515 1599 quasi
1531 1526 1645 1583 ratione
1659 1525 1832 1598 traducere;

1000 1614 1125 1688 quando
1146 1614 1278 1672 maxime
1294 1631 1363 1673 cnm
1387 1615 1444 1672 ista
1461 1614 1609 1672 medicina
1625 1615 1773 1672 Dominus
1786 1632 1836 1672 re·

1001 1704 1087 1771 norit,
1101 1707 1133 1761 ut
1147 1703 1239 1761 tidem
1254 1705 1374 1778 populis
1400 1705 1570 1776 imperaret.
1586 1704 1644 1761 Sed
1656 1704 1715 1762 boc
1734 1705 1834 1763 tacere

1000 1797 1159 1864 coguntur,
1176 1799 1207 1850 ut
1218 1793 1290 1863 dixi,
1303 1793 1375 1867 quia
1387 1794 1488 1866 jacere
1498 1810 1529 1850 se
1544 1793 1746 1866 abjectissime
1763 1808 1832 1851 sen·

1002 1881 1087 1948 tiunt,
1105 1881 1129 1938 si
1145 1897 1249 1939 eornm
1266 1881 1428 1939 auctoritas
1446 1897 1516 1939 cum
1531 1882 1587 1939 ista
1606 1881 1756 1938 medicina
1772 1883 1833 1939 llo·

1001 1969 1102 2027 miuus
1115 1970 1238 2036 venerit,
1253 1970 1381 2027 attidem
1393 1969 1691 2044 populisimperaret.
1699 1968 1758 2025 Sed
1773 1968 1834 2027 hoc

1002 2059 1098 2116 iacere
1114 2064 1274 2130 coguntur,
1284 2065 1315 2115 ut
1330 2059 1401 2126 dixi,
1417 2058 1490 2133 quia
1498 2058 1598 2130 jncere
1614 2074 1645 2116 se
1663 2057 1835 2131 abjectissi-

1004 2164 1052 2205 me
1066 2148 1208 2216 sentiunt,
1230 2148 1255 2204 si
1268 2163 1373 2205 eorum
1389 2149 1551 2205 auctoritas
1568 2164 1637 2204 cum
1653 2149 1834 2205 auctoritate

1003 2236 1149 2294 catholica
1167 2236 1347 2294 conteratur.
1370 2239 1522 2295 Conantur
1535 2252 1606 2310 ergo
1624 2235 1835 2294 auctoritatem

1003 2326 1227 2384 stabilissimam
1242 2325 1462 2384 fundatissima
1485 2325 1620 2383 Ecclesiae
1639 2326 1728 2399 quasi
1743 2325 1835 2383 ratio-

1003 2416 1049 2472 nis
1075 2416 1197 2472 nomine
1220 2421 1247 2472 et
1278 2414 1491 2488 pollicitatione
1517 2430 1668 2488 superare.
1691 2414 1834 2472 Omnium

1003 2503 1835 2578 enimbareticorumquasiregularisestistatemeritas.

1003 2591 1062 2649 Sed
1070 2592 1118 2649 ille
1129 2593 1197 2649 ildei
1212 2594 1375 2666 imperator
1385 2592 1650 2658 clementissimus,
1663 2597 1751 2664 etpar
1764 2607 1838 2648 con·

1003 2686 1111 2739 ventus
1123 2682 1334 2739 celeberrimos
1349 2682 1530 2756 populorum
1540 2687 1630 2755 atque
1642 2681 1838 2753 gentium,se·

1004 2769 1119 2844 desque
1133 2772 1214 2843 ipsas
1228 2769 1439 2843 Apostolorum
1454 2786 1522 2828 arce
1535 2769 1721 2827 auctoritatis
1736 2767 1839 2826 muni·

1004 2860 1047 2917 vit
1059 2859 1232 2929 Ecclesiam,
1249 2864 1276 2916 et
1291 2876 1344 2933 per
1363 2860 1520 2933 pauciores
1534 2859 1583 2933 pie
1593 2859 1699 2916 doctos
1720 2863 1838 2916 atsere

1005 2950 1175 3023 spirituales
1191 2950 1282 3017 viros,
1298 2949 1515 3022 copiosissimis
1533 2947 1730 3022 apparatibus
1742 2947 1838 3005 etiam

1005 3037 1207 3095 invictissimae
1222 3034 1347 3094 rationis
1361 3037 1499 3093 armavit.
1515 3036 1624 3093 Verum
1640 3034 1691 3092 illa
1705 3034 1840 3091 rectissi-

1008 3142 1058 3184 ma
1076 3125 1235 3199 disciplina
1250 3131 1304 3193 est,
1322 3126 1353 3181 in
1368 3140 1468 3182 arcem
1489 3125 1560 3182 fldei
1585 3140 1678 3198 quam
1703 3123 1839 3181 maxime

1007 3215 1100 3288 recipi
1114 3214 1259 3285 infirmos,
1281 3219 1314 3271 ut
1334 3230 1388 3286 pro
1408 3213 1452 3271 eis
1470 3213 1535 3287 iam
1551 3212 1696 3270 tutissime
1716 3212 1837 3286 positia,

1007 3305 1168 3363 fortissima
1180 3303 1295 3361 ratione
1311 3308 1471 3378 pugnetur.

1042 3398 1086 3452 33.
1100 3394 1240 3451 Platonici
1255 3408 1337 3460 vero,
1350 3394 1403 3466 qui
1420 3391 1565 3449 falsorum
1580 3391 1837 3466 philosophorum

1008 3483 1160 3540 erroribus
1175 3482 1225 3539 illo
1240 3485 1375 3554 tempore
1385 3480 1691 3548 circumlatrantibus,
1708 3494 1769 3537 non
1785 3480 1841 3538 ba·

1008 3572 1113 3630 bontas
1127 3571 1258 3628 divinam
1277 3585 1441 3645 personam
1460 3586 1522 3643 qna
1536 3570 1721 3642 imperarent
1732 3568 1840 3636 iidem,

1008 3661 1188 3719 senentiam
1203 3676 1290 3717 suam
1309 3665 1407 3732 tegere
1422 3658 1631 3732 quaerendam,
1653 3673 1750 3731 quam
1766 3657 1838 3731 pol·

1007 3750 1152 3809 luendam
1165 3750 1282 3824 proiera
1306 3751 1487 3817 maluerunt,
1502 3764 1571 3805 cum
1581 3749 1649 3820 J'am
1663 3746 1774 3805 Christi
1785 3762 1840 3805 nc-

1007 3855 1079 3899 men
1099 3839 1225 3898 terrenis
1240 3840 1341 3913 regnis
1355 3838 1577 3896 admirantibus
1595 3836 1841 3911 perturbatisque

1009 3931 1217 3993 crebresceret,
1228 3942 1379 3999 emergere
1390 3931 1554 4001 coeperant,
1569 3926 1608 3984 ad
1622 3925 1840 3999 proterendum

1008 4025 1100 4095 atquc
1114 4017 1311 4091 aperiendum
1326 4016 1401 4090 quid
1415 4017 1497 4074 Plato
1511 4016 1663 4073 sensisset.
1678 4017 1764 4073 Tunc
1778 4013 1840 4072 Plo

129 4105 202 4162 tium
219 4118 272 4176 per
280 4103 414 4160 illuviem
426 4107 621 4177 pcccatorum
636 4118 834 4176 amoremque
843 4103 954 4169 carnis,
1009 4109 1061 4167 tini
1071 4107 1174 4165 ecbola
1188 4109 1290 4164 noma
1303 4105 1413 4174 floruit,
1422 4106 1588 4180 habuitque
1599 4103 1839 4176 condiscipulos,

129 4192 258 4251 aretiam
272 4191 329 4250 isra
342 4191 714 4265 senuntinumportenta
730 4192 955 4250 ottadoerorum
1009 4197 1120 4256 multos
1135 4195 1327 4254 acutissimos
1337 4200 1367 4253 et
1378 4194 1591 4253 solertissimos
1605 4193 1696 4251 uros.
1712 4192 1773 4252 sed
1787 4191 1838 4249 ati·

129 4286 281 4340 conterere
296 4280 482 4355 disputando
492 4281 809 4354 potuerintdubitabis
821 4285 861 4348 tu,
873 4281 956 4339 Dios·
1007 4287 1061 4362 qui
1086 4302 1191 4344 eorum
1209 4285 1395 4357 magicarum
1411 4284 1519 4341 artium
1535 4282 1707 4342 curiositate
1730 4281 1840 4355 depra-

130 4386 208 4438 ecre,
237 4370 284 4428 vet
308 4370 473 4445 quisquam
499 4370 632 4441 vigilanti
654 4369 776 4441 ingenio
798 4370 954 4443 proditus,
1009 4377 1070 4435 rati
1085 4380 1165 4445 sunt,
1180 4374 1272 4447 aliqui
1288 4374 1449 4431 nominum
1463 4373 1564 4430 lesum
1581 4372 1730 4430 ebriatum
1743 4371 1841 4446 ipsius

128 4460 190 4519 ullo
204 4459 296 4518 modo
316 4459 355 4517 td
380 4458 569 4532 sequendam
588 4458 742 4516 veritatem
759 4458 865 4517 melius
886 4476 956 4517 0011·
1009 4465 1139 4523 veritatis
1167 4469 1257 4536 atque
1282 4463 1434 4537 sapientire
1455 4459 1724 4529 incommutabilis,
1744 4475 1842 4535 quam

130 4549 184 4608 suli
200 4549 336 4623 potuisse
350 4547 451 4621 generi
472 4548 619 4614 humano,
642 4564 736 4621 quam
757 4553 790 4606 ut
809 4548 902 4607 bomo
915 4549 955 4608 ab
1008 4554 1197 4612 conabantur
1207 4551 1363 4622 attingere,
1377 4556 1593 4623 cognoscentes
1605 4553 1724 4622 gestare
1739 4564 1844 4623 perso·

129 4640 197 4713 ipsa
210 4639 339 4696 veritate
352 4637 718 4710 susceptusineffabiliter,
734 4637 956 4712 atquemirabi·
1009 4660 1093 4708 nam,
1109 4644 1139 4699 in
1168 4642 1234 4714 ejus
1248 4641 1386 4698 militiam
1411 4640 1600 4697 transierunt.
1616 4643 1723 4712 ltaque
1744 4644 1844 4697 totum

129 4727 205 4793 liter,
221 4730 250 4783 et
260 4726 354 4799 ipsius
367 4727 396 4783 in
406 4726 490 4783 terris
500 4741 662 4799 personam
674 4731 957 4800 garenarectaprae·
1009 4733 1127 4790 culmen
1148 4730 1332 4787 auctoritatis
1347 4728 1511 4802 lumenque
1525 4727 1650 4785 rationis
1665 4728 1696 4784 in
1714 4728 1768 4786 illo
1784 4743 1848 4786 uno

130 4815 321 4889 cipieudo,ct
333 4815 437 4872 divina
453 4815 602 4879 iaciendo,
620 4815 872 4874 salirbritercredi
891 4832 956 4890 per·
1009 4821 1132 4879 salutari
1157 4819 1279 4877 nomine
1303 4822 1392 4891 atque
1412 4818 1443 4876 ia
1464 4834 1525 4874 una
1544 4818 1609 4890 ejus
1627 4817 1774 4884 Ecclesia,
1803 4835 1853 4876 re·

130 4903 364 4977 suaderetquod
378 4904 515 4961 nondum
531 4904 694 4978 prudenter
704 4905 956 4978 possetintelligii
1010 4909 1141 4968 creando
1157 4915 1245 4983 atqua
1261 4906 1453 4965 reformando
1466 4906 1602 4964 bumano
1613 4906 1715 4977 generi
1731 4907 1851 4966 consti-

130 4994 224 5067 llujns
236 5008 292 5051 nos
301 4991 403 5064 gloriar
413 4993 569 5063 servimus,
585 4993 655 5050 hnic
667 5000 696 5050 te
707 4993 899 5052 immobiliter
911 5000 957 5052 at·
1010 5004 1107 5057 tutum
1123 5003 1177 5055 est.

128 5082 668 5158 queocnstantercrederehortamur,
683 5099 832 5157 perquem
843 5083 956 5141 factum
1044 5088 1092 5147 33.
1107 5090 1173 5144 liae
1188 5101 1236 5142 me
1252 5084 1303 5141 tibi
1318 5083 1485 5142 diutissime
1496 5084 1526 5140 in
1538 5083 1595 5140 bac
1608 5081 1739 5157 epistota
1759 5083 1857 5143 locu-

130 5177 185 5240 est,
204 5177 311 5230 utnon
324 5171 425 5246 pauci,
441 5170 494 5228 sed
510 5170 613 5245 populi
626 5173 727 5239 etiam,
748 5172 873 5245 quinon
888 5188 957 5246 pos·
1009 5181 1082 5243 tum,
1094 5175 1147 5233 atsi
1158 5173 1302 5232 aliaiorte
1315 5178 1345 5230 tu
1361 5172 1476 5241 malles,
1492 5172 1617 5229 omnino
1630 5186 1692 5228 non
1703 5174 1852 5245 paenitet.

131 5266 201 5320 sunt
216 5263 274 5320 ista
286 5260 454 5333 diiudicare
468 5261 596 5331 ratione,
611 5260 670 5317 lide
685 5259 809 5318 credant
822 5264 844 5325 ¹,
860 5261 957 5318 donee
1010 5264 1154 5323 Probabis
1166 5263 1246 5319 enim
1257 5262 1559 5336 bacmagbqnanto
1573 5261 1669 5333 magis
1677 5261 1709 5318 in
1718 5263 1857 5321 veritate

162 5371 170 5403 ¹
183 5368 234 5419 sie.
248 5367 313 5418 bad.
326 5370 385 5417 am.
397 5368 439 5418 Er.
453 5370 479 5419 et
488 5368 550 5419 lias.
565 5368 600 5417 bt
613 5367 677 5418 ιον.
687 5366 775 5424 babet,
790 5366 924 5429 adiacent,
1009 5352 1149 5428 proticies
1164 5358 1208 5415 tet
1223 5349 1613 5424 tuncprcbabisconsilium
1628 5364 1746 5417 meum,
1758 5353 1851 5424 quod

132 5430 250 5543 hefft&
264 5430 481 5518 taliaquatncr,
495 5431 624 5505 ⁸¹1jq¹¹⁶⁰
640 5431 739 5480 ΗΘΜ
750 5430 894 5504 duedecim
907 5429 957 5482 ¹¹⁸·
1009 5458 1090 5500 nnnc
1105 5441 1221 5499 utilitati
1232 5440 1402 5498 studiorum
1416 5446 1538 5498 tuorum
1547 5438 1647 5497 minus
1657 5436 1847 5499 obsecutum

151 5492 418 5606 aorufflill‘ii
433 5494 664 5608 ’liitllsstd‘
679 5492 958 5608 eradicet

175 5615 211 5666 tic
229 5569 295 5667 leoz.
308 5570 462 5669 etatiarlfm
477 5570 636 5677 editiolnum,
651 5618 701 5682 fide
718 5618 834 5672 credam
855 5571 957 5671 {cilicet
1042 5618 1146 5674 ¹Lov.,
1163 5617 1300 5682 aliquante
1322 5616 1419 5667 diutior
1437 5614 1476 5667 oei
1496 5615 1665 5682 {muira
1691 5615 1756 5668 atil.
1773 5617 1841 5671 cdd.

174 5676 316 5731 merendo
330 5680 364 5731 ad
378 5692 411 5734 ea
426 5694 487 5747 quo
501 5681 621 5735 cbristus
634 5681 760 5747 pracepit
772 5680 878 5733 etteeit.
1012 5693 1069 5732 non
1086 5679 1195 5740 babent,
1209 5679 1373 5745 distillaret.
