3952 6128
135 131 195 191 793

135 257 273 317 volentes
288 256 346 315 sibi
357 257 467 315 Gothos
479 255 648 324 conciliare,
662 256 786 330 quando
800 271 852 312 eos
862 254 965 312 vident

135 347 253 421 aliquid
278 362 377 420 posse,
393 347 496 402 dicunt
510 345 568 402 hoc
582 363 614 402 se
641 345 759 403 credere
783 343 867 418 quod
884 348 913 400 et
927 342 967 399 illi

137 438 276 495 credunt.
295 437 351 494 Sed
362 436 646 508 majorumsuorum
659 433 969 492 auctoritateconrin-

137 530 246 582 cuntur
258 542 265 592 ;
276 526 348 599 quia
362 541 418 581 nec
431 527 563 581 Donatus
578 525 642 596 ipse
654 524 697 580 sic
712 523 874 580 credidisse
889 537 968 578 assc-

135 614 221 680 ritur,
236 614 274 670 de
288 615 374 687 cujus
390 619 473 687 parte
488 629 520 669 sc
536 629 601 670 esse
612 613 786 686 gloriantur.

173 743 200 795 l.
215 742 280 796 Non
291 744 427 797 teautem
441 740 698 807 istaconturbent,
712 738 753 795 fili
763 737 965 794 dilectissime.

138 832 267 886 Eaereses
281 829 362 885 enim
377 834 405 886 et
418 829 562 886 scandala
573 828 674 886 lutura
686 827 831 902 praedicta
841 829 921 896 sunt,
936 829 968 882 ut

138 918 358 975 interinimicos
371 918 562 990 erudiamur3
575 934 609 975 aa
621 917 664 974 sic
677 922 706 974 et
720 917 796 975 fides
809 919 838 972 el
848 915 967 973 dilectio

139 1014 243 1064 nostra
255 1008 347 1081 possit
357 1022 421 1063 esse
432 1007 585 1080 probatior
599 1023 605 1061 :
618 1006 693 1064 fides
704 1008 814 1080 ulique,
826 1021 863 1063 ne
877 1004 966 1063 abeis

138 1095 328 1169 decipiamur
343 1112 350 1164 ;
367 1097 484 1153 dilectio
499 1101 611 1162 autem,
633 1101 664 1154 ut
680 1097 769 1154 etiam
785 1096 859 1169 ipsis
875 1094 966 1153 corri-

138 1185 254 1258 gendis,
266 1191 414 1257 quantum
427 1200 602 1258 possumus,
614 1185 808 1243 consulamus
821 1204 828 1255 ;
844 1200 905 1242 non
921 1200 967 1241 ao·

137 1276 201 1332 lum
212 1275 355 1331 instantes
368 1290 406 1330 ne
421 1273 547 1331 infirmis
561 1282 700 1341 noceant,
714 1279 803 1347 atque
820 1280 853 1331 ut
867 1274 906 1331 ab
922 1290 967 1330 er·

138 1380 205 1422 rore
218 1363 332 1421 nelarie
349 1363 520 1432 liberentur,
533 1365 587 1421 sed
604 1365 695 1421 etiam
712 1369 831 1421 orantes
846 1380 900 1437 pro
911 1364 964 1430 cis,

139 1458 173 1510 ut
187 1455 302 1525 aperiat
315 1453 459 1510 Dominus
468 1453 526 1511 illis
535 1469 666 1519 sensum,
676 1458 704 1510 et
717 1452 966 1525 intelligantScri·

138 1546 253 1615 pturas.
264 1542 339 1610 Quia
354 1542 504 1599 insanctis
519 1542 616 1600 Libris
626 1542 676 1600 ubi
691 1542 896 1600 manifestatur
907 1541 964 1599 Do·

137 1633 235 1688 minus
246 1632 388 1693 Christus,
402 1632 442 1687 ibi
455 1639 483 1689 et
496 1631 560 1703 ejus
574 1630 705 1688 Ecclesia
714 1631 898 1691 declaratur:
917 1630 964 1687 isti

135 1720 374 1778 autemmirahili
390 1722 531 1786 caecitate,
543 1737 612 1777 cum
629 1720 964 1793 ipsumChristumproe·

135 1815 180 1867 ter
194 1811 361 1882 Scripturas
374 1810 518 1876 nesciant,
530 1810 595 1881 ejus
611 1815 709 1866 tamen
727 1808 888 1866 Ecclesiam
902 1825 962 1865 non

134 1899 308 1955 divinarum
324 1899 498 1955 litterarum
513 1899 685 1956 auctoritate
698 1904 896 1968 cognoscunt,
910 1897 961 1954 sed

133 1987 339 2044 humanarum
347 1987 567 2044 calumniarum
581 1990 711 2044 vanitate
721 1986 907 2058 contingunt.

171 2117 197 2171 3.
213 2115 387 2183 Agnoscunt
402 2114 560 2171 nobiscum
577 2114 727 2171 Christum
747 2114 776 2169 in
786 2113 911 2186 eoquod
924 2111 963 2169 le·

133 2203 223 2275 gitur,
235 2203 387 2260 Foderunt
403 2219 510 2260 manns
527 2218 606 2260 meas
621 2206 645 2258 et
659 2203 745 2274 pedes
756 2217 833 2259 meas
852 2203 963 2272 ,·dinn·

133 2299 325 2350 moraverunt
337 2293 437 2349 omnia
456 2307 522 2348 ossa
539 2307 614 2349 mea.
629 2292 693 2362 Ipsi
712 2307 778 2349 cero
800 2290 963 2349 considera-

134 2388 243 2439 verant
261 2388 289 2438 et
303 2388 523 2451 conspexerant
540 2396 586 2438 me
601 2399 610 2447 ‚·
625 2381 791 2438 diuiserunt
806 2380 864 2438 sibi
877 2381 960 2439 oesti-

134 2477 316 2537 mentamae,
328 2476 450 2540 etsuper
463 2477 567 2528 vestem
580 2487 674 2529 meam
686 2471 961 2529 miserantsortem:

134 2564 164 2616 et
183 2559 289 2616 nolunt
309 2575 472 2631 agnoscere
499 2559 662 2616 Ecclesiam
683 2561 712 2616 in
732 2576 769 2617 eo
794 2559 878 2633 quod
894 2565 963 2633 post

133 2648 293 2720 paululum
307 2650 450 2721 sequitur,
468 2649 785 2706 Commemorahantar
799 2656 825 2708 et
841 2665 962 2708 cannen

134 2742 237 2797 tantur
251 2739 292 2796 ad
313 2739 471 2796 Dominam
487 2739 617 2797 universi
629 2740 702 2809 fines
718 2744 806 2797 terra
820 2757 830 2805 ;
843 2746 871 2798 et
894 2740 961 2796 ado·

133 2828 247 2886 rabant
259 2828 291 2884 in
299 2824 457 2896 ccnspecm
468 2831 532 2899 ejus
545 2829 690 2886 universe
698 2829 807 2897 patrie
817 2831 959 2901 gentiam:

133 2917 275 2989 qnoniam
290 2918 409 2974 Domini
427 2924 468 2975 est
488 2934 623 2989 regnam,
645 2924 671 2976 et
684 2920 745 2988 ipse
760 2918 962 2977 dominabitur

132 3007 262 3079 gentiam
281 3007 375 3075 (Psal.
396 3023 457 3072 ιιι,
480 3012 522 3072 tr,
540 3011 582 3074 18,
601 3012 643 3073 te,
660 3010 703 3074 28,
715 3008 771 3079 29).
788 3011 962 3079 Agnoscunt

133 3095 295 3152 nobiscum
317 3094 465 3153 Christum
480 3096 509 3152 in
531 3112 567 3153 eo
582 3096 664 3171 quod
679 3096 797 3167 legitur,
817 3097 961 3155 Dominus

131 3185 210 3243 dicit
223 3185 264 3242 ad
278 3200 332 3252 me,
343 3185 440 3242 bitias
456 3200 535 3242 ineas
547 3201 576 3243 es
588 3192 631 3253 ta,
647 3186 795 3257 agatadis
808 3189 899 3258 genai
911 3192 938 3244 te
952 3204 961 3242 :

131 3279 161 3332 et
169 3274 275 3331 nolunt
285 3289 448 3347 agnoscere
459 3274 621 3331 Ecclesiam
630 3274 660 3330 in
671 3290 707 3331 eo
720 3275 804 3347 quod
815 3276 960 3348 sequitur,

131 3365 255 3421 Postata
267 3378 346 3428 ame,
359 3371 383 3420 ct
394 3363 471 3420 dabo
487 3364 540 3420 tibi
550 3369 651 3435 gentes
664 3364 867 3422 hereditatem
876 3372 959 3422 taam

131 3454 463 3524 etpossessionemtnam
474 3452 713 3512 terminostcrra
723 3454 817 3526 (Psat.
835 3470 865 3521 ιι,
877 3455 904 3522 l,
920 3455 959 3526 8).

130 3543 306 3613 Agnoscunt
319 3542 476 3599 nobiscum
492 3543 639 3598 Christum
649 3542 679 3599 in
697 3558 733 3599 eo
743 3544 896 3616 quodipse
906 3547 960 3601 Do·

132 3632 234 3689 minus
249 3632 279 3687 in
296 3631 454 3702 Evangelio
467 3631 606 3704 loquitur,
624 3632 781 3702 Oportebat
808 3634 959 3692 Christum

131 3721 208 3792 pati,
224 3726 251 3778 et
264 3735 419 3793 resurgere
439 3736 458 3777 a
478 3724 601 3777 mortuis
622 3723 696 3779 teria
717 3721 787 3780 dia:
812 3726 841 3779 et
855 3722 962 3779 nolunt

131 3824 297 3880 agnoscere
313 3809 474 3866 Ecclesiam
489 3811 518 3865 in
533 3824 569 3866 eo
582 3809 663 3883 quod
680 3811 825 3884 sequitur,
843 3819 870 3868 et
882 3827 960 3882 pra·

131 3899 228 3957 dicari
250 3899 280 3955 in
292 3901 412 3956 nomine
425 3901 490 3970 ejas
504 3900 703 3969 penitentiam
723 3907 749 3957 et
761 3900 959 3958 remissionem

128 3994 320 4056 peccatoram
335 4002 499 4058 perontnes
513 3993 625 4058 pentes,
641 3988 847 4060 incipientibus
862 3989 900 4046 ab
913 3990 960 4047 te-

128 4078 261 4134 rnsatem
275 4078 356 4148 (Las.
371 4093 449 4143 ιιιι,
462 4077 508 4141 le,
525 4078 580 4148 ll).
597 4080 630 4134 Et
645 4077 878 4135 innumerabilia
892 4084 960 4136 sunt

129 4165 839 4241 testimoniaLibrorumsanctorumquaeinhunc
850 4166 960 4224 librum

129 4258 284 4312 coarctare
298 4270 357 4312 non
378 4254 477 4311 debui.
495 4255 653 4327 inquibus
668 4256 744 4312 sicut
757 4261 883 4329 apparet
901 4257 960 4313 Do-

129 4343 232 4400 minus
255 4343 398 4412 Christus,
413 4343 474 4400 sire
498 4343 666 4400 secundum
689 4343 874 4403 divinitatem
898 4360 960 4418 qua

127 4431 255 4505 aqualis
270 4438 313 4489 est
332 4433 419 4499 Patri,
432 4432 484 4504 qui
499 4432 530 4488 in
540 4433 688 4504 principio
703 4439 768 4492 erat
782 4435 958 4500 verbumst

134 4521 262 4578 Verium
276 4526 339 4578 erat
358 4521 441 4592 apud
456 4522 558 4592 Derim,
583 4530 610 4579 et
632 4525 709 4580 Deus
724 4528 788 4580 erat
809 4523 957 4595 Verbam,·

128 4610 192 4667 aire
206 4609 372 4666 secundnm
388 4616 533 4681 suscepte
557 4611 656 4667 carnis
671 4612 881 4680 humilitatem,
896 4628 959 4687 qua

134 4698 455 4769 Verbamcarosactam
470 4705 519 4766 cst,
532 4706 558 4758 et
572 4699 716 4759 habitarit
726 4701 758 4757 in
769 4701 849 4758 nohis
858 4702 956 4775 (toan.

128 4795 150 4854 t,
170 4791 193 4852 t,
210 4787 253 4859 tt)
269 4803 276 4843 :
293 4788 336 4843 sic
350 4795 477 4859 apparet
491 4789 582 4845 etiam
608 4788 675 4861 ejus
690 4789 830 4856 Ecclesia,
847 4804 908 4846 non
924 4791 955 4846 in

130 4874 195 4931 sola
205 4873 312 4941 Atrion,
324 4875 399 4932 sicut
414 4876 461 4933 isti
476 4877 738 4948 impudentissima
751 4878 877 4935 vanitate
886 4877 956 4935 deli·

127 4963 272 5032 suntsed
288 4965 430 5023 totoorbe
444 4970 589 5022 terrarum
602 4965 723 5023 diffusa.

164 5091 190 5145 i.
206 5089 395 5146 Testimoniis
410 5089 490 5146 enim
501 5089 609 5147 divinis
623 5090 687 5147 lites
697 5107 768 5149 suas
782 5092 955 5166 preferant,

126 5177 236 5251 quiain
248 5193 342 5235 causa
354 5178 502 5236 Caeciliani
517 5179 674 5254 quondam
686 5182 822 5240 Ecclesiae
836 5182 956 5241 Cartha-

127 5265 262 5338 ginensis
278 5268 422 5341 episcopi,
435 5268 482 5324 cui
493 5270 620 5327 crimina
634 5270 886 5345 objeceruntquae
902 5288 956 5330 nec

126 5360 288 5430 potuerunt
299 5356 428 5428 probare
444 5373 498 5413 nec
513 5364 648 5430 possunt,
665 5376 696 5417 se
711 5359 750 5417 ab
764 5360 890 5418 Ecclesia
908 5377 956 5418 ca-

126 5443 251 5511 tholica,
267 5445 325 5503 hoc
340 5451 393 5509 est,
408 5446 446 5503 ab
462 5447 575 5504 unitate
587 5449 723 5505 omnium
738 5449 883 5521 gentium,
909 5451 956 5507 di·

126 5541 240 5591 serunt.
253 5536 396 5602 Quamvis
411 5537 545 5593 etsivera
555 5541 729 5610 essentque
741 5537 955 5610 abelsobjecta

126 5629 198 5681 sunt
213 5624 379 5691 Caeciliano,
391 5629 419 5682 et
438 5626 525 5683 nobis
538 5630 659 5699 possent
669 5626 834 5701 aliquando
845 5639 951 5686 mons·

773 122 1028 186 aristomachi
1046 123 1192 184 CLASSIS
1205 127 1257 187 ltt.

1019 253 1101 321 trarl,
1109 253 1276 330 ipsumJam
1284 263 1437 319 mortuum
1445 260 1774 322 anathematizaremus
1782 263 1824 337 (a)
1837 283 1845 326 :

1021 343 1072 401 sed
1088 350 1187 403 tamen
1211 347 1371 406 Ecclesiam
1387 350 1502 418 Christi,
1528 367 1597 425 quas
1622 366 1682 409 non
1706 352 1845 425 litigiosis
1892 416 1895 429 Ι

1020 434 1216 506 opinionibus
1237 437 1369 510 lingitur,
1390 440 1443 497 sed
1471 439 1581 497 divinis
1604 441 1846 500 attestationibus

1020 524 1245 596 comprobatur,
1273 534 1395 601 propter
1412 529 1579 603 quemlibet
1600 528 1768 603 relinquere
1785 546 1846 589 non

1020 610 1166 669 debemus
1182 631 1189 680 ;
1206 615 1278 686 quia
1293 615 1409 674 bonum
1423 623 1467 675 est
1480 619 1632 675 confidere
1653 618 1683 674 in
1708 620 1846 688 Domino,

1019 717 1113 774 quam
1128 703 1278 761 confidere
1290 704 1321 761 in
1340 705 1462 764 homine
1481 707 1572 779 (Psat.
1588 724 1674 773 cxru,
1688 708 1727 780 8).
1745 709 1847 781 Neque

1019 791 1110 859 enim,
1127 792 1210 865 qnod
1222 793 1286 850 sine
1300 795 1410 867 injuria
1424 796 1601 854 innocentiae
1616 796 1695 853 illius
1709 797 1847 868 dixerim,

1020 880 1044 936 si
1060 881 1672 953 peccavitCaecilianus,ideohoeretlitatem
1688 899 1848 959 suamper·

1019 968 1095 1026 didit
1107 971 1249 1028 Christus.
1266 972 1362 1030 Facile
1374 978 1418 1030 est
1427 971 1551 1044 homini,
1564 989 1616 1030 seu
1631 990 1710 1041 sera,
1724 989 1777 1032 seu
1788 973 1846 1032 tal·

1021 1075 1056 1115 sa
1074 1059 1111 1116 de
1126 1062 1219 1119 altero
1233 1060 1355 1119 homine
1370 1062 1490 1119 credere
1503 1079 1511 1129 ;
1530 1063 1848 1136 sedsceleratasimpu·

1019 1147 1128 1206 dantia
1147 1155 1202 1215 est,
1227 1155 1348 1223 propter
1373 1152 1500 1209 crimina
1523 1151 1665 1219 hominis,
1686 1168 1755 1226 quas
1778 1152 1846 1209 orbi

1019 1241 1166 1296 terrarum
1188 1255 1248 1296 non
1278 1242 1375 1313 possis
1400 1242 1558 1299 ostendere
1574 1259 1582 1308 ;
1598 1241 1845 1299 communionem

1018 1326 1100 1383 orbis
1116 1334 1261 1385 terrarum
1277 1329 1351 1386 velte
1365 1331 1522 1388 damnare.

1055 1422 1080 1472 5.
1097 1418 1199 1474 Utrum
1207 1418 1845 1479 CaecilianusatraditoribusdivinorumCo·

1017 1506 1118 1561 dicum
1135 1506 1222 1563 luerit
1240 1508 1405 1575 ordinatus,
1421 1509 1522 1567 nescio
1546 1526 1553 1576 ;
1569 1524 1630 1565 non
1646 1509 1715 1575 vidi,
1731 1509 1771 1565 ab
1785 1508 1843 1566 ini·

1017 1595 1103 1651 micis
1117 1595 1183 1666 ejus
1195 1596 1295 1653 audivi
1322 1620 1328 1652 ι
1346 1613 1407 1653 non
1420 1598 1493 1654 mihi
1508 1599 1545 1654 de
1559 1597 1636 1670 Lege
1652 1597 1714 1665 Dei,
1730 1597 1844 1654 nonde

1017 1685 1168 1756 praeconio
1183 1685 1407 1758 Prophetarum,
1421 1702 1482 1744 non
1497 1685 1535 1742 de
1543 1688 1699 1743 sanctitate
1709 1685 1846 1743 Psalmo-

1016 1789 1095 1838 rum‚
1110 1788 1170 1829 non
1187 1773 1225 1829 de
1237 1774 1380 1847 Apostolo
1394 1775 1514 1845 Christi,
1528 1791 1590 1832 non
1604 1775 1642 1832 de
1667 1774 1771 1832 Christi
1784 1772 1845 1831 elo·

1016 1862 1088 1933 quio
1099 1864 1248 1919 recitatur.
1273 1862 1434 1919 Ecclesiam
1447 1878 1517 1920 vero
1535 1867 1596 1920 toto
1610 1867 1757 1920 terrarum
1769 1862 1843 1920 orbe

1015 1949 1167 2017 diffusam,
1182 1951 1230 2007 cui
1240 1952 1585 2024 noncommnnicatpars
1597 1951 1713 2018 Donati,
1727 1951 1844 2008 univer·

1016 2041 1347 2112 sarumScripturarum
1359 2040 1530 2098 testimonia
1545 2055 1677 2096 consona
1693 2054 1844 2112 vocepro·

1015 2127 1157 2185 clamant.
1172 2130 1208 2185 ln
1223 2130 1332 2187 semine
1345 2135 1394 2185 tao
1405 2128 1614 2187 benedicentur
1624 2143 1723 2185 omnes
1732 2135 1841 2200 gentes,

1015 2218 1074 2275 Lex
1091 2219 1140 2274 Dei
1150 2217 1222 2275 dixit
1231 2218 1314 2289 (Gen.
1329 2235 1409 2284 xxvi,
1419 2219 1456 2287 l).
1472 2219 1596 2275 Aberta
1611 2219 1681 2275 sotis
1696 2217 1843 2291 usquead

1014 2323 1160 2375 occasum,
1176 2308 1357 2378 sacrificinm
1364 2307 1507 2366 mandam
1523 2308 1767 2379 affertarnomini
1778 2322 1842 2365 meo

1014 2397 1153 2470 quoniam
1168 2397 1366 2469 giarificatnm
1373 2405 1413 2455 est
1429 2411 1534 2455 nomen
1549 2413 1646 2454 meam
1659 2398 1690 2454 in
1706 2396 1842 2468 gentihus

1014 2502 1067 2559 per
1083 2486 1259 2559 Prophetam
1275 2485 1422 2543 Dominus
1431 2485 1503 2543 dixit
1517 2485 1660 2555 (Malaca.
1681 2505 1700 2555 ι,
1715 2487 1771 2560 ll).
1786 2485 1843 2543 Do·

1013 2575 1206 2634 minabitara
1220 2576 1298 2633 mari
1313 2590 1404 2648 usqne
1415 2575 1453 2632 cd
1465 2591 1558 2642 mare,
1579 2582 1606 2633 et
1621 2591 1639 2632 a
1652 2575 1779 2647 numine
1793 2591 1843 2633 us·

1013 2667 1119 2739 quoad
1134 2667 1272 2724 terminos
1283 2665 1361 2722 ordis
1374 2670 1533 2729 terraram,
1547 2679 1600 2737 per
1615 2665 1768 2722 Psalmum
1784 2665 1843 2722 Do·

1014 2756 1114 2813 minus
1128 2754 1303 2826 dixit(Psat.
1317 2770 1392 2821 nxxr,
1407 2755 1445 2827 8).
1457 2754 1656 2822 Fractirieans
1667 2760 1694 2812 et
1709 2769 1843 2814 crescens

1013 2846 1045 2901 in
1056 2844 1194 2901 aniverso
1209 2843 1329 2910 mando,
1342 2858 1396 2916 per
1416 2841 1592 2916 Apostolum
1616 2844 1759 2900 Dominus
1771 2843 1843 2901 dicit

1014 2933 1137 3007 (Coloss.
1155 2952 1173 3001 ι,
1189 2934 1227 3006 θ).
1242 2933 1335 2990 Eritis
1348 2933 1422 2990 milri
1435 2937 1518 2989 testes
1532 2931 1563 2988 in
1575 2933 1753 3001 Jerusalem,
1768 2940 1795 2991 et
1809 2932 1841 2989 in

1014 3031 1075 3081 tota
1089 3024 1204 3092 iudan,
1219 3029 1246 3081 et
1259 3024 1291 3080 id
1304 3023 1452 3094 Samaria,
1466 3031 1493 3082 et
1510 3024 1599 3094 asqn‘e
1613 3023 1645 3078 in
1657 3025 1728 3094 lines
1743 3029 1839 3095 terra,

1015 3114 1105 3171 Filius
1119 3112 1171 3168 Dei
1187 3128 1239 3169 ore
1251 3128 1307 3168 suc
1318 3111 1392 3171 dixit
1405 3112 1483 3184 (Act.
1499 3128 1519 3179 1,
1535 3111 1574 3184 8).
1591 3111 1768 3169 Caecilianus
1788 3113 1842 3169 Ec·

1014 3202 1112 3259 alesia
1133 3201 1374 3272 Carthaginensis
1390 3201 1551 3274 episcopus
1575 3197 1718 3258 humanis
1739 3200 1841 3259 litibus

1014 3297 1173 3348 accusatur
1189 3308 1196 3348 :
1212 3290 1341 3347 Ecclesia
1356 3290 1461 3348 Christi
1484 3291 1515 3346 in
1530 3289 1673 3347 omuibus
1700 3289 1841 3361 gentibus

1014 3381 1184 3450 constituta,
1198 3380 1437 3437 divinisvocibus
1450 3379 1768 3452 commendatissima
1780 3379 1842 3453 pie·

1014 3475 1069 3541 tas,
1084 3471 1200 3538 veritas,
1214 3470 1354 3536 charitas,
1366 3485 1422 3526 nos
1437 3485 1498 3526 non
1511 3468 1767 3543 permittitcontra
1780 3471 1840 3528 Cte-

1013 3560 1157 3618 cilianum
1177 3559 1312 3632 accipere
1332 3559 1546 3623 testimonium,
1564 3574 1641 3631 quos
1656 3558 1686 3614 in
1712 3557 1841 3615 Ecclesia

1012 3664 1074 3706 non
1091 3648 1284 3705 videmuscui
1299 3650 1375 3704 Deus
1395 3648 1530 3720 perhibet
1545 3647 1748 3705 testimonium
1763 3663 1771 3704 :
1788 3647 1841 3721 qui

1013 3737 1204 3794 enimdivina
1215 3738 1383 3794 testimonia
1396 3752 1458 3793 non
1468 3740 1644 3810 sequuntur,
1658 3735 1842 3809 pondnshu·

1013 3827 1096 3882 mani
1108 3827 1268 3883 testimonii
1288 3826 1491 3899 perdiderunt.

1050 3916 1162 3971 CAPUT
1177 3918 1209 3972 ll.
1228 3946 1261 3959 -
1274 3914 1301 3970 6.
1318 3914 1403 3972 Addo
1429 3914 1512 3988 quod
1533 3913 1682 3972 Caeciliani
1704 3927 1839 3978 causam,

1013 4004 1072 4078 ipsi
1086 4005 1126 4062 ad
1136 4005 1324 4078 imperatoris
1339 4003 1525 4062 Constantini
1534 4004 1680 4077 judicium
1695 4017 1842 4060 accusan-

1013 4094 1054 4152 do
1070 4095 1213 4151 miserunt
1232 4113 1239 4164 ;
1256 4094 1318 4152 imo
1339 4109 1411 4151 vero
1430 4094 1531 4167 ipsum
1554 4092 1745 4151 Caecilianum
1772 4096 1842 4166 post

1013 4183 1200 4257 episcopalia
1207 4183 1382 4257 judiciati),
1392 4183 1444 4241 nbi
1454 4198 1525 4240 eum
1535 4182 1706 4256 opprimere
1716 4197 1778 4240 non
1787 4197 1840 4256 po·

1013 4276 1144 4341 luerunt,
1155 4272 1195 4329 ad
1209 4272 1371 4346 supradicti
1386 4272 1575 4346 imperatoris
1594 4286 1732 4343 examen,
1747 4271 1841 4345 perti·

1012 4363 1180 4420 nacissimis
1195 4362 1452 4435 persecutionibus
1472 4360 1685 4435 perduxerunt.
1701 4362 1734 4416 Et
1754 4360 1838 4433 quod

1012 4451 1042 4508 in
1058 4451 1146 4508 nobis
1161 4451 1253 4508 modo
1268 4450 1501 4523 reprehendunt,
1517 4453 1550 4506 ut
1570 4448 1721 4521 decipiant
1743 4448 1837 4520 impe·

1010 4540 1093 4607 ritos,
1114 4539 1247 4596 dicentes
1269 4554 1329 4596 non
1344 4539 1454 4595 debere
1473 4537 1651 4595 christianos
1663 4541 1769 4594 contra
1781 4537 1839 4594 ini-

1010 4629 1106 4686 micos
1122 4627 1227 4687 Christi
1242 4627 1357 4701 aliquid
1378 4644 1396 4685 a
1416 4626 1587 4684 christianis
1602 4626 1838 4700 imperatoribus

1012 4720 1173 4792 postulare,
1194 4717 1250 4791 ipsi
1262 4718 1377 4791 priores
1387 4716 1617 4784 leceruntouod
1632 4715 1723 4775 etiam
1739 4716 1839 4775 incol-

1009 4807 1120 4866 latione
1129 4823 1222 4880 quam
1235 4806 1325 4864 simul
1339 4806 1422 4880 apud
1435 4806 1646 4880 Carthaginem
1662 4806 1836 4872 habuimus,

1010 4912 1121 4969 negare
1135 4911 1196 4954 non
1219 4896 1285 4953 ausi
1302 4903 1371 4954 sunt
1386 4915 1393 4951 ε
1422 4897 1484 4955 imo
1499 4901 1529 4954 et
1544 4896 1664 4970 gloriari
1687 4897 1752 4954 ausi
1767 4899 1838 4952 sunt

1009 4987 1092 5061 quod
1107 4985 1188 5059 apud
1202 4988 1415 5059 imperatorem
1431 4988 1562 5061 majores
1575 5001 1681 5044 eorum
1696 4983 1836 5041 crimina·

1010 5076 1075 5134 liter
1088 5075 1277 5134 cecilianum
1288 5074 1528 5134 tuerintinsecuti
1541 5095 1548 5145 ;
1562 5073 1837 5147 insuperaddentes

1011 5166 1213 5232 mendacium,
1233 5165 1315 5239 quod
1331 5181 1401 5223 eum
1425 5165 1486 5222 illio
1515 5165 1638 5221 vicerint
1650 5163 1835 5236 iecerintque

1009 5254 1609 5326 damnari.Quomodoergoipsinonsunt
1617 5256 1835 5326 persecutores,

1009 5345 1061 5418 qui
1076 5361 1145 5401 cum
1158 5344 1331 5402 accusando
1345 5342 1494 5417 persecuti
1509 5341 1568 5399 sint
1589 5340 1792 5410 Caecilianum,
1806 5346 1836 5401 el

1039 5454 1076 5514 (a)
1092 5450 1225 5501 Producta
1236 5450 1287 5502 luit
1296 5448 1473 5514 hoecepistola
1486 5449 1514 5499 in
1527 5447 1834 5515 quintaSynodo,collat

1008 5515 1031 5570 o,
1047 5512 1296 5564 cumdel'heodoro
1309 5512 1498 5624 Mopsueateno
1513 5514 1645 5575 ageretur,
1659 5514 1834 5578 quereretur·

1008 5589 1060 5641 quc
1077 5577 1144 5626 anis
1161 5579 1251 5640 posset
1259 5577 1350 5640 posto
1369 5573 1437 5624 ltum
1452 5573 1584 5627 damnari.

1040 5638 1076 5702 th)
1092 5638 1241 5691 itomanam
1255 5642 1280 5689 et
1296 5636 1460 5688 Arelatense.
