3952 6128
84 206 138 262 tut

327 329 496 388 crtsrocs
525 331 614 386 xxv·
633 330 684 400 (ι).

83 438 221 495 Paulinus
233 438 396 508 Auqustino,
408 439 550 510 exquisitis
565 454 623 492 eum
639 434 765 491 laudibus
779 448 915 489 exornans

119 545 173 600 pro
187 528 304 600 quinque
318 529 375 598 ejus
390 529 516 584 adversus
524 526 684 585 bianicboeas
701 524 792 590 libris,
807 540 871 595 quos
884 520 919 577 ab

122 617 225 689 Alqpia
243 622 393 688 acceperat.
408 617 509 672 Panem
526 616 582 687 ipsi
594 615 663 671 dono
676 615 773 671 mittit.

84 718 205 779 Domitio
218 724 307 796 (ratri
321 724 451 780 unanimo
466 731 490 780 ct
501 722 650 779 venerabili
666 728 835 788 Aucusrnsv,
851 722 918 775 Psa-

285 845 364 886 usnvs
375 836 401 887 ιι
411 832 552 887 Τιιιιιιιι
563 836 721 901 peccatores.

124 952 149 1003 t.
170 946 300 1002 Claritas
319 945 426 1003 Gbristi
443 963 501 1017 quse
513 952 591 1017 urqct
605 961 664 1010 nos,
681 952 705 1000 et
720 943 838 999 absentes
855 942 919 998 licet

81 1053 136 1108 per
147 1036 284 1092 unitatem
293 1036 358 1107 fidei
366 1034 541 1108 alliqat‚r'psa
553 1035 682 1107 fiduciam
691 1035 730 1089 ad
739 1042 767 1091 te
780 1032 919 1089 scribendi

83 1125 192 1198 pudore
207 1125 317 1198 depulsa
329 1126 464 1196 prostitit
481 1131 574 1196 :teque
592 1141 641 1196 per
651 1125 758 1181 litteras
765 1130 824 1179 tuas
838 1125 921 1178 visce-

83 1215 165 1270 ribus
179 1215 249 1270 meis
263 1214 517 1287 intimavit,quaset
526 1213 730 1270 dcscbvlastieis
736 1213 920 1283 facultatibus

84 1305 237 1376 cspluentes,
251 1310 279 1359 et
292 1303 326 1359 de
340 1304 490 1360 calestibus
504 1304 576 1375 iouis
589 1304 689 1374 dulces,
701 1310 735 1359 ut
747 1304 845 1358 animer
857 1318 921 1358 mea

85 1394 205 1448 medicas
217 1399 242 1448 et
254 1393 374 1458 altrices,
382 1395 411 1447 in
423 1395 544 1466 quinque
554 1392 635 1449 libris
647 1393 846 1457 interimtenev,
855 1406 921 1463 quas

86 1499 198 1537 munere
205 1481 335 1537 benedicti
339 1481 531 1537 etvencrobilis
539 1482 618 1538 nobis
626 1483 742 1554 episcopi
752 1482 841 1537 nostri
855 1481 920 1553 Alp-

84 1572 138 1644 pii,
156 1587 211 1626 non
223 1588 273 1643 pro
288 1578 379 1626 nostra
394 1572 571 1627 instructione
586 1579 702 1633 tantum,
719 1571 764 1626 scd
777 1574 857 1626 etiam
868 1587 921 1642 pro

86 1660 219 1716 Ecclesia
232 1660 381 1717 multarum
395 1660 506 1716 urbium
525 1660 649 1716 utilitate
670 1661 842 1731 suscepimus.
867 1661 920 1726 Hos

87 1751 181 1822 iqiiur
194 1768 266 1806 nuuc
280 1750 364 1810 libros
375 1751 485 1807 lectioni
494 1750 574 1806 babeo
589 1773 599 1821 ;
612 1751 642 1805 in
656 1751 698 1805 bis
710 1750 857 1808 meobiccto
869 1751 920 1821 ;de

86 1840 132 1895 bis
146 1840 235 1896 cibum
247 1841 333 1912 capio,
347 1857 400 1895 nvn
417 1840 497 1896 iliam
516 1843 564 1912 qui
578 1840 660 1907 perit,
674 1840 718 1894 sed
727 1840 774 1912 qui
792 1847 921 1912 operatur

88 1929 152 1985 vire
166 1936 273 1984 aterna
283 1928 463 1985 substantium
475 1946 525 2000 per
537 1929 615 2000 idem
628 1936 758 1995 nostram,
774 1945 921 2000 quaaecvr·

87 2034 223 2090 pvrumur
240 2020 271 2072 in
295 2018 406 2074 Cbristo
433 2019 495 2074 lesu
519 2018 632 2074 Domino
647 2026 763 2074 nostro:
784 2036 843 2074 eum
856 2019 921 2090 fides

87 2114 195 2174 nostra,
215 2125 273 2180 quse
285 2108 440 2164 visibilium
452 2108 601 2179 neqliqeus‚
620 2106 804 2163 invisibilibus
819 2108 918 2175 inlisi,

87 2215 138 2270 per
149 2199 313 2254 claritatem
324 2198 416 2253 omnio
426 2198 569 2254 smisndum
581 2200 723 2253 veritatem
732 2199 921 2271 omnipotentis

89 2287 143 2343 Dei
156 2287 316 2355 credentem,
331 2287 431 2342 litteris
450 2293 478 2342 et
492 2287 619 2359 exemplis
632 2287 754 2357 fidelium
765 2287 917 2345 roboretur.

89 2378 113 2434 0
126 2394 187 2433 rere
201 2377 242 2433 sal
251 2384 344 2444 terroe,
359 2377 568 2450 quopraecardia
580 2384 672 2432 uastro
682 2394 713 2432 ne
722 2378 826 2449 possint
838 2377 922 2433 seculi

87 2483 230 2523 canescere
242 2483 347 2531 errore,
370 2466 561 2522 condiuntur!
579 2466 602 2521 0
617 2467 727 2522 lucarna
741 2467 821 2538 dique
835 2484 920 2538 supra

89 2556 282 2613 condelabrum
295 2556 417 2612 Ecclesia
429 2558 528 2627 posita,
546 2571 606 2627 qna
626 2557 678 2611 late
692 2555 831 2611 catbolicis
841 2556 919 2611 urbi-

89 2646 138 2702 bus
147 2647 180 2701 de
193 2645 351 2718 septiformi
366 2644 460 2717 lpcbno
483 2651 592 2717 pastum
622 2645 677 2700 oleo
706 2646 811 2701 latitia
833 2647 920 2701 lumen

89 2735 240 2806 effundens,
253 2734 349 2790 densas
369 2734 429 2790 licet
441 2734 631 2790 boercticorum
650 2733 781 2806 cvliqines
795 2735 919 2801 discutis,

91 2832 115 2881 et
127 2824 213 2880 lucem
227 2824 386 2880 veritatisa
408 2824 566 2894 confusione
593 2823 766 2880 tenebrarum
782 2825 922 2896 splendore

88 2914 214 2985 clarifici
224 2913 357 2969 sermonis
371 2912 517 2971 enubilas!

127 3008 155 3059 2.
176 3003 262 3069 Vides,
274 3005 367 3074 frater
378 3002 696 3068 unanime,admirabilis
707 3005 737 3058 in
751 3003 922 3060 Gbristaliv·

92 3095 167 3149 mino
189 3100 214 3149 ιι
229 3091 408 3164 suscipiende,
423 3109 504 3164 quam
513 3091 695 3162 familiariter
710 3095 865 3164 aqnvverim
884 3100 919 3158 ιι,

90 3190 194 3255 quanto
203 3183 325 3237 admirer
332 3190 449 3253 stupore,
459 3199 539 3253 quarn
545 3199 641 3254 maqno
651 3200 741 3238 amore
749 3184 920 3254 complectar,

89 3274 139 3345 qui
152 3271 273 3344 quotidie
282 3270 412 3343 colloquio
427 3271 588 3327 litterarum
599 3278 709 3328 tuarum
717 3274 809 3345 fruor,
828 3281 852 3328 et
865 3273 922 3327 aris

88 3365 133 3418 tui
146 3362 252 3433 spiritu
263 3378 364 3417 vescor.
379 3360 580 3418 Osenimtuum
588 3362 707 3433 fistulam
726 3381 801 3434 aqua
820 3363 886 3419 viva
896 3370 922 3419 ct

88 3469 190 3507 venam
209 3451 294 3522 sontis
308 3451 404 3506 aterni
417 3452 515 3506 merito
529 3451 658 3516 dexerim,
674 3453 818 3524 quiatsons
830 3454 860 3507 in
875 3460 899 3508 te
912 3455 920 3488 ¹

92 3558 175 3612 aquoe
188 3541 315 3596 salientis
331 3542 361 3595 in
373 3548 459 3595 vetum
473 3548 600 3596 aternam
622 3540 748 3597 Cbristus
772 3542 879 3612 effectus
890 3550 927 3599 est

92 3631 186 3701 (loon.
201 3646 241 3695 tv,
258 3630 312 3701 ib).
326 3630 414 3700 Cujus
423 3629 558 3685 desiderio
573 3630 661 3685 sitivit
674 3631 704 3685 in
717 3638 742 3685 te
756 3633 849 3686 anima
860 3648 927 3699 mea,

91 3728 117 3775 ιι
133 3719 255 3774 ubertate
267 3721 312 3774 tni
323 3721 448 3789 fluminis
461 3718 600 3774 inebriari
610 3727 686 3775 terra
697 3737 753 3775 enea
765 3721 928 3792 concupivit.

92 3807 207 3880 ideaque
218 3825 277 3864 cum
293 3808 339 3864 boc
351 3809 538 3865 Pentateucbo
552 3818 598 3865 tuo
607 3817 700 3865 contra
715 3810 877 3866 Manirbavs
890 3827 930 3867 rae

90 3898 334 3966 satisarmuveris,
347 3898 371 3952 si
385 3900 452 3970 quia
475 3900 507 3953 in
527 3900 595 3954 alios
614 3916 715 3971 quoque
739 3899 823 3955 bvstes
843 3900 930 3955 ratbo.

91 3987 153 4042 lica
166 3987 233 4057 idei
243 3987 398 4043 munimina
408 3989 578 4060 comparasti
589 3989 665 4060 (quia
678 3988 760 4045 bostis
775 3997 873 4049 voster.
884 3992 931 4048 cui

91 4076 170 4130 mille
185 4075 297 4131 nocendi
310 4084 395 4142 ortes,
414 4083 472 4132 torn
491 4078 581 4133 variis
596 4080 789 4150 eapuquandus
803 4087 842 4135 est
858 4080 928 4146 telis,

92 4182 175 4238 quarn
190 4174 325 4237 oppuqnat
339 4167 474 4240 insidiis),
486 4184 574 4240 quam
582 4184 707 4240 promere
717 4169 784 4223 mibi
796 4169 826 4223 de
840 4186 931 4225 orma·

94 4257 232 4311 rnentoriv
247 4263 303 4321 tuo,
319 4262 344 4311 ιι
363 4257 492 4328 conferre
515 4274 569 4312 nvn
586 4256 689 4313 abnuas
707 4275 785 4313 arma
797 4258 925 4330 justitia.

91 4344 158 4400 Sum
173 4348 246 4399 cnirn
259 4345 420 4411 laboriosus,
429 4347 513 4402 etiam
523 4364 594 4403 nunc
608 4346 656 4402 sub
670 4365 765 4419 maqno
778 4366 859 4403 onere
870 4364 930 4419 pec·

91 4441 172 4490 calor
191 4439 213 4500 ¹,
227 4442 368 4490 veteranus
384 4435 412 4490 in
435 4452 548 4492 numero
560 4445 742 4508 peccatorum,
763 4438 808 4492 sed
826 4446 928 4493 aterno

92 4525 154 4596 reqi
168 4540 251 4579 novus
263 4524 294 4578 in
313 4541 424 4596 corpore
438 4526 496 4583 tiro
509 4526 631 4584 militia.
652 4526 820 4598 Sapientiam
834 4528 930 4591 muudi

93 4614 178 4669 miser
191 4613 325 4687 bucusque
336 4615 454 4671 miratus
466 4632 536 4682 sum,
548 4624 572 4671 ιι
584 4633 634 4688 per
646 4617 758 4672 inutiles
768 4618 874 4674 litteras
888 4635 930 4674 rc·

94 4702 287 4777 probatamque
297 4704 479 4774 prudentiam
492 4706 546 4761 Deo
554 4706 685 4762 stultuset
697 4714 788 4763 mutus
796 4708 848 4778 issi.
857 4709 930 4764 Post·

94 4809 174 4864 quarn
189 4794 340 4849 inveteravi
354 4795 428 4850 inter
442 4795 568 4851 inimicos
582 4813 660 4863 meos,
675 4804 699 4852 et
715 4798 800 4852 vanni
816 4798 846 4852 in
860 4801 929 4870 copi-

95 4882 247 4939 talionibus
263 4884 338 4949 meis,
357 4884 445 4940 levavi
458 4886 555 4940 oculas
566 4902 635 4941 meos
649 4887 679 4941 in
693 4893 802 4954 montes,
819 4886 929 4958 adproe.

95 4979 173 5043 cepta
185 4971 251 5042 leqis
265 4979 289 5028 et
304 4974 402 5044 qratia
416 4973 487 5030 dona
496 4976 667 5048 suscipiens:
683 4976 756 5031 ursdc
768 4976 836 5031 nsib'i
847 4977 930 5032 ausi·

128 5175 928 5244 ¹Sicbtss.duodecimubllbdd.bibantquiutvnsvitaeaquoe.

130 5240 221 5289 ¹ttvs.
236 5245 348 5303 septem,
367 5241 413 5290 sub
438 5257 531 5306 maqno
555 5243 651 5292 bonore
674 5248 799 5307 peccator.
826 5244 929 5294 Undcc

97 5301 201 5357 Vatis..
218 5309 467 5364 merepeecatvrum.
550 5341 557 5351 .

127 5364 137 5381 ¹
154 5366 371 5429 Recognorimus
396 5366 466 5418 hunc
492 5367 536 5418 cd.
552 5382 576 5419 s.
594 5368 629 5432 bg
644 5368 680 5418 bi.
697 5369 744 5424 bn.
764 5382 788 5419 c.
804 5383 842 5420 cc.
857 5369 884 5418 tr.
923 5405 929 5417 .

95 5434 142 5543 {q
157 5427 219 5540 hor,
231 5441 253 5477 s.
269 5428 309 5479 sb.
326 5442 367 5479 vc.
377 5429 422 5480 vd.
431 5430 499 5481 duos
510 5444 532 5481 ι.
544 5433 663 5496 quinque
677 5446 702 5482 v.
714 5437 740 5481 ct
752 5432 785 5482 sd
798 5434 856 5482 Am.
867 5382 929 5482 ssi.

134 5527 141 5538 .
197 5503 223 5538 r.

129 5556 168 5616 (a)
181 5552 299 5627 Atinati
314 5568 320 5604 :
338 5568 399 5620 quae
421 5559 514 5608 sutum
530 5557 561 5605 ss
576 5560 641 5615 erut,
659 5571 732 5608 nunc
756 5559 810 5606 195.
829 5557 932 5622 Scripta

101 5629 167 5667 cvm
181 5629 327 5681 supcnvrs.

715 196 969 258 EPISTOLARUM
988 196 1132 255 GLASSIS
1154 196 1175 251 1.

1746 198 1799 256 tou

973 323 1041 379 lium
1054 324 1128 380 venit
1140 339 1157 377 a
1171 322 1293 385 Domino,
1307 321 1354 396 qui
1366 337 1418 377 nvn
1427 323 1573 379 secundum
1585 322 1743 398 iniquitates
1754 341 1800 380 re·

971 412 1103 480 tribuens,
1120 412 1288 467 illuminarit
1303 428 1406 478 cacum,
1423 411 1502 467 solvit
1510 413 1696 483 compeditum,
1708 414 1798 471 bumi-

972 503 1052 558 liavit
1067 509 1184 557 erectum
1201 501 1276 572 male,
1292 508 1321 556 ut
1336 502 1451 573 eriperet
1463 500 1637 558 humiliatum
1648 505 1702 575 pie.

1008 595 1034 648 3.
1050 592 1154 663 Sequor
1175 591 1274 662 iqr'tur,
1290 607 1343 645 nvn
1356 591 1439 660 aequis
1452 590 1539 646 adbuc
1555 591 1688 662 passibus,
1701 609 1799 664 maqua

967 681 1105 752 justorum
1115 681 1228 752 vestiqia
1240 680 1266 735 si
1270 679 1800 754 possimorationibusvcstrisappreben·
1858 670 1865 685 ⁶

972 770 1046 831 dere,
1061 771 1092 824 in
1103 786 1154 841 quo
1168 769 1220 824 Dei
1234 766 1641 839 miserationibusapprebensus
1651 787 1719 826 sum.
1731 772 1799 844 Reqs

973 876 1035 930 erqo
1048 859 1192 931 parvulum
1203 859 1233 914 in
1251 865 1326 913 terra
1338 865 1499 929 reptantem,
1515 864 1539 913 ιι
1550 860 1745 930 tuisqressibus
1758 860 1801 915 in-

971 947 1049 1021 qredi
1063 948 1133 1004 dccc.
1150 947 1219 1005 Nola
1233 947 1305 1002 enim
1318 964 1356 1002 me
1369 945 1520 1017 corporalis
1531 954 1608 1002 artus
1622 949 1707 1019 maqis
1721 965 1801 1020 quam

971 1037 1129 1110 spiritualis
1144 1045 1257 1093 coortus
1269 1044 1346 1092 atate
1359 1036 1519 1092 consideres.
1536 1037 1640 1108 Quippe
1653 1044 1717 1093 atas
1731 1037 1801 1095 mibi

972 1127 1114 1182 secundum
1130 1143 1237 1183 carnem
1251 1128 1345 1198 eajam
1363 1133 1411 1191 est,
1425 1143 1477 1197 qua
1492 1126 1549 1197 [uit
1558 1125 1605 1181 illc
1619 1126 1655 1181 ad
1665 1127 1801 1199 Apostolis

973 1216 1003 1270 in
1016 1223 1097 1288 porta
1107 1214 1240 1288 Speciosa,
1250 1215 1325 1271 verbi
1332 1221 1460 1287 potestate
1468 1221 1580 1271 sanatus
1595 1216 1667 1288 (Art.
1683 1233 1723 1282 ιιι,
1738 1218 1764 1283 7,
1777 1224 1801 1274 ιι

974 1321 1014 1371 ιι,
1028 1309 1082 1375 22).
1100 1305 1131 1360 in
1144 1305 1283 1362 ructatibus
1302 1312 1391 1360 autem
1410 1306 1519 1370 urimo,
1535 1304 1612 1360 illius
1625 1305 1713 1361 adbuc
1732 1307 1802 1362 mibi

975 1402 1074 1467 tempus
1086 1396 1213 1466 insontia>
1227 1401 1275 1461 est,
1293 1412 1351 1466 ques
1367 1395 1510 1450 intentatis
1526 1395 1633 1450 Gbristo
1645 1395 1802 1452 vulneribus

976 1485 1121 1548 immolata,
1134 1485 1215 1556 diqnv
1222 1485 1352 1556 sanquine
1359 1484 1426 1556 aqui
1435 1484 1570 1538 victimam
1578 1485 1769 1554 procucurrit,
1777 1492 1802 1542 ιι

974 1573 1138 1629 dominicam
1152 1574 1296 1644 auspicata
1310 1579 1351 1629 est
1364 1573 1526 1644 passionem.
1542 1575 1629 1643 Atque
1643 1572 1702 1628 idea
1713 1581 1742 1628 ut
1757 1573 1803 1629 im·

974 1664 1077 1735 fantem
1088 1661 1176 1718 adbuc
1189 1661 1268 1717 verbo
1290 1661 1341 1716 Dei
1360 1669 1385 1717 ιι
1397 1660 1542 1732 spirituaii
1561 1668 1639 1718 catate
1652 1661 1801 1730 lactentem,

974 1752 1056 1807 educa
1071 1752 1158 1807 verbis
1173 1753 1238 1815 tuis,
1253 1750 1379 1806 uberibus
1398 1750 1471 1821 fidei,
1488 1751 1640 1822 sapientia,
1655 1751 1804 1808 claritatis

975 1841 1133 1897 inbiautem.
1150 1842 1185 1897 Si
1194 1841 1312 1911 alliciunt
1326 1857 1463 1896 commune
1476 1841 1639 1905 consideras,
1651 1841 1740 1911 irater
1752 1858 1778 1896 es
1792 1857 1803 1907 ;

973 1932 999 1987 si
1011 1932 1198 1987 maturitatem
1208 1931 1312 2002 inperii
1323 1931 1366 1986 tui
1375 1936 1540 1986 etscusuum.
1549 1931 1701 2002 patermibi
1710 1931 1804 1997 es,ctsi

972 2021 1043 2092 [orte
1057 2020 1094 2075 sis
1106 2037 1160 2075 avo
1170 2020 1279 2090 junior,
1293 2021 1359 2091 quia
1373 2027 1397 2074 te
1409 2019 1445 2074 ad
1459 2020 1647 2075 maturitatem
1672 2021 1766 2076 meriti
1779 2027 1804 2077 ιι

975 2111 1099 2165 bonorem
1110 2109 1246 2164 seniorum
1256 2110 1382 2179 procesit
1397 2111 1404 2143 ¹
1417 2109 1548 2179 juvenem
1563 2125 1631 2164 cana
1645 2109 1804 2180 prudentia.

976 2200 1142 2270 Faveiqitur
1151 2206 1176 2254 et
1190 2197 1337 2253 corrobora
1352 2216 1392 2253 me
1403 2198 1432 2253 in
1443 2199 1529 2253 sacris
1540 2198 1666 2264 Litteris,
1679 2206 1704 2254 ιι
1717 2199 1803 2270 spiri·

975 2289 1094 2345 tualibus
1110 2289 1221 2353 studiis,
1237 2295 1366 2358 tompore,
1380 2295 1410 2343 ut
1429 2287 1500 2352 dici,
1516 2295 1658 2353 recentem,
1672 2294 1697 2343 et
1712 2288 1743 2343 ob
1758 2287 1805 2344 boc

974 2387 1030 2451 post
1040 2377 1297 2450 lampadiscrimina,
1310 2384 1370 2448 post
1380 2377 1633 2449 multanautraqia,
1643 2377 1804 2444 usurudcm,

975 2469 1085 2525 vixdum
1096 2469 1247 2538 apsntibus
1262 2468 1351 2523 seculi
1360 2474 1544 2538 emerpentem,
1557 2474 1587 2523 ιι
1596 2467 1644 2538 qui
1657 2465 1806 2537 jamsalidv

975 2558 1068 2615 littore
1090 2559 1260 2623 constitutus,
1276 2559 1353 2613 tutv²
1368 2558 1458 2628 excipe
1472 2559 1546 2623 sinu,
1572 2564 1602 2612 ut
1617 2558 1646 2611 in
1664 2564 1747 2629 portu
1760 2574 1805 2612 sa·

976 2649 1050 2713 lutis,
1064 2648 1088 2703 si
1101 2648 1213 2720 diqnum
1227 2655 1317 2720 putas,
1338 2647 1445 2719 pariter
1459 2647 1623 2719 accipimus.
1640 2646 1748 2703 Interea
1766 2664 1806 2703 mc

975 2737 1006 2793 de
1015 2736 1146 2809 periculis
1161 2737 1223 2792 vita
1234 2737 1316 2791 istius
1328 2743 1352 2792 et
1366 2737 1504 2808 profundo
1516 2744 1684 2809 peccatorum
1697 2735 1807 2791 evaderc

975 2830 1115 2890 nitentem,
1141 2825 1311 2882 orationibus
1330 2827 1387 2882 tuis
1406 2834 1533 2898 tanquam
1546 2824 1638 2882 tabula
1651 2827 1765 2894 sustine,
1776 2832 1806 2882 ul

975 2916 1069 2972 deboc
1084 2917 1182 2972 mundo
1195 2917 1277 2986 quasi
1291 2915 1324 2970 de
1334 2915 1484 2987 nauprapio
1498 2915 1587 2971 nudus
1605 2915 1725 2971 evadam.

1012 3009 1037 3060 4.
1058 3006 1164 3060 Idcirco
1177 3005 1248 3059 enim
1258 3022 1298 3058 me
1308 3004 1397 3058 levare
1409 3006 1534 3069 sarcinis,
1543 3006 1807 3061 etvestimentisone-

977 3095 1103 3150 rantibus
1118 3112 1218 3150 esuerc
1235 3094 1343 3160 curavi,
1359 3100 1388 3150 ut
1404 3094 1531 3149 undosum
1543 3094 1599 3162 bac,
1610 3112 1660 3166 quo
1673 3097 1746 3150 inter
1760 3111 1808 3149 nas

977 3194 1001 3241 ιι
1010 3182 1586 3256 Deumpeccatisinterlatrantibusseparat‚
1595 3185 1808 3255 prasentisvitoe
1860 3250 1864 3258 ¹
1914 3209 1919 3215 ·

976 3274 1154 3339 salum,vmui
1164 3274 1373 3338 ansicturarnis,
1383 3279 1407 3329 el
1415 3291 1482 3329 cura
1491 3273 1808 3345 dicitequentis.jubeuts

977 3372 1002 3419 et
1021 3365 1168 3435 adiuvante
1192 3363 1301 3420 Cbristo
1326 3363 1468 3434 expeditus
1483 3371 1598 3419 enatem.
1618 3365 1709 3434 Neque
1724 3363 1753 3418 id
1767 3378 1809 3418 mc

979 3456 1123 3526 perfecisse
1136 3453 1239 3524 plvrior
1255 3470 1264 3516 ;
1283 3452 1352 3523 quod
1364 3452 1809 3524 etsiploriaripossem,s'nDomina

981 3544 1129 3615 qloriarer,
1143 3543 1220 3614 cujus
1236 3550 1272 3597 est
1284 3543 1423 3613 perficere,
1438 3542 1507 3613 quod
1516 3543 1592 3598 uobis
1606 3544 1710 3614 adjacet
1720 3542 1784 3598 velle
1798 3555 1810 3599 .·

980 3633 1025 3689 sed
1051 3633 1214 3703 concupiscit
1242 3631 1328 3686 adbuc
1346 3631 1441 3686 artiora
1466 3649 1522 3686 mea
1537 3632 1691 3688 desiderare
1702 3632 1811 3703 judicia

984 3723 1108 3778 Domini.
1132 3721 1198 3778 Vide
1216 3721 1321 3792 quanda
1336 3729 1496 3791 assequatur
1509 3722 1603 3792 effectu
1616 3722 1669 3776 Dei
1685 3722 1809 3777 volunta·

983 3819 1033 3867 tem
1043 3812 1120 3883 ⁸,qui
1128 3810 1216 3865 adbuc
1230 3810 1627 3881 ipsumdesideruredesiderat.
1641 3811 1718 3875 Quod
1729 3812 1757 3866 in
1770 3827 1812 3866 ms

982 3907 1129 3968 tamenest,
1145 3899 1232 3954 dilexi
1260 3899 1378 3954 decorem
1405 3898 1498 3954 domus
1511 3905 1618 3964 sancta,
1639 3907 1663 3955 et
1678 3907 1810 3970 quantum

982 3991 1011 4045 in
1024 4007 1064 4045 mc
1082 3990 1150 4063 (ait,
1160 3990 1287 4060 cleperam
1301 3988 1484 4059 abjectusessc
1499 3989 1529 4044 in
1539 3989 1615 4044 domo
1628 3989 1751 4044 Domini.
1760 3989 1811 4045 Sed

982 4082 1028 4136 cui
1040 4080 1144 4151 placuit
1158 4095 1297 4150 seqreqarc
1318 4095 1360 4133 me
1378 4077 1412 4132 ab
1425 4086 1504 4134 utero
1522 4079 1621 4134 matris
1634 4095 1707 4144 rura,
1734 4085 1759 4134 ιι
1776 4079 1811 4134 ab

982 4169 1107 4225 amicitia
1122 4169 1217 4223 carnis
1232 4175 1256 4222 ιι
1266 4168 1408 4239 sanquinis
1422 4169 1461 4222 ad
1473 4169 1592 4239 qratiam
1605 4185 1680 4224 suam
1691 4167 1810 4237 trvbcrs,

983 4259 1067 4314 eidem
1082 4259 1185 4329 placuit
1198 4258 1305 4328 inopem
1320 4274 1361 4312 me
1379 4257 1466 4312 vernis
1481 4256 1542 4313 boni
1555 4258 1658 4323 meriti,
1676 4259 1810 4313 suscitare

983 4348 1013 4403 de
1023 4353 1129 4404 terrast
1139 4348 1170 4401 de
1184 4346 1244 4402 lacu
1252 4346 1439 4415 miseriarum,
1450 4362 1481 4401 ac
1491 4346 1525 4402 de
1540 4346 1595 4401 luto
1606 4347 1681 4416 sacis
1688 4346 1811 4414 educere,

982 4444 1012 4493 ut
1031 4438 1175 4494 collocaret
1191 4452 1303 4490 mecum
1322 4435 1495 4507 principebus
1519 4436 1617 4507 populi
1631 4436 1685 4501 sui,
1706 4443 1730 4491 et
1744 4452 1814 4507 par-

982 4533 1035 4581 tem
1048 4544 1132 4582 mcum
1142 4526 1172 4580 in
1188 4532 1234 4581 tua
1242 4530 1312 4578 sorte
1325 4531 1444 4594 poneret,
1461 4531 1491 4579 ut
1502 4531 1527 4579 te
1536 4532 1683 4595 proestante
1693 4525 1811 4591 meritis,

981 4618 1073 4689 afficio
1083 4618 1199 4671 sociatus
1217 4630 1341 4685 aquarer
1352 4615 1372 4667 ⁸.

1018 4711 1044 4762 b.
1061 4704 1429 4776 Prasumptivneiqiturnvn
1442 4719 1512 4771 meu,
1526 4702 1570 4757 sed
1582 4703 1684 4774 placito
1696 4710 1721 4759 ct
1735 4704 1812 4760 ordi·
1822 4710 1836 4731 ³

982 4795 1090 4852 natione
1100 4795 1221 4858 Domini,
1234 4793 1492 4849 Fraternitatistuae
1499 4793 1565 4848 mibi
1572 4793 1812 4865 [adususurpauu

1013 4995 1020 5026 ¹
1036 4990 1102 5041 Edd.
1120 5006 1125 5039 :
1143 4993 1175 5039 Te
1186 4990 1219 5039 ad
1228 4991 1403 5039 maturitatem
1417 4989 1505 5038 rneriti
1517 4989 1601 5038 banar
1612 4989 1811 5050 seniorempro·

982 5055 1049 5104 verit
1066 5060 1088 5104 ιι
1115 5055 1246 5116 iuvenem.
1281 5053 1343 5101 Mss.
1373 5065 1489 5102 novem:
1508 5051 1612 5100 Honore
1628 5051 1815 5103 seniorumbt

983 5116 1141 5167 metiusduv
1162 5115 1246 5165 Vatis.
1267 5131 1273 5162 z
1294 5115 1327 5163 Ει
1351 5115 1472 5164 bonorem
1493 5114 1622 5163 seniorum
1640 5114 1757 5175 provexit
1773 5114 1814 5178 ju·

981 5195 1080 5232 venem.

1013 5243 1076 5292 ¹Sic
1090 5242 1118 5290 in
1133 5240 1220 5290 editis.
1235 5240 1335 5289 Albiss.
1355 5239 1473 5304 plerique
1491 5237 1565 5287 :lam
1577 5237 1606 5286 in
1620 5237 1703 5288 solida
1718 5238 1813 5289 littore.

982 5305 1121 5355 constitisti
1136 5308 1197 5359 toto,
1213 5307 1265 5356 etc.
1286 5302 1443 5366 [constitisti
1460 5305 1524 5356 tuto,
1539 5299 1601 5364 etc]

1013 5367 1112 5417 ⁸Edit:
1124 5367 1280 5429 Assequatur
1291 5367 1404 5428 effectum
1419 5364 1467 5412 Dci
1476 5363 1648 5412 voluntatum.
1662 5365 1722 5416 blss.
1737 5364 1791 5415 duo
1805 5381 1811 5413 ι

983 5430 1006 5479 ii
1026 5436 1106 5479 ectum
1125 5429 1171 5479 itsi
1188 5429 1329 5480 voluntate,
1349 5425 1399 5474 Alii
1414 5426 1468 5475 duo
1485 5441 1489 5474 :
1504 5425 1725 5482 Deivaluntatem.
1741 5429 1815 5478 Unus

983 5507 997 5543 c
1037 5494 1108 5543 alic:
1127 5492 1224 5555 Effeetu
1241 5490 1281 5539 dei
1296 5488 1461 5538 volunlatem.
1479 5489 1554 5539 Hunc
1571 5492 1720 5554 sequimur.

1015 5558 1024 5587 ⁴
1041 5555 1149 5604 Cistsrc.
1167 5554 1225 5604 biso
1238 5552 1326 5616 ospicio
1340 5556 1443 5601 senatus
1462 5566 1586 5617 oequcrer,
1604 5553 1632 5602 id
1647 5557 1688 5604 cst
1702 5564 1814 5603 munere

980 5632 997 5683 p
1013 5616 1206 5681 rcsbytsrctus.
