3952 6128
238 162 308 221 {035

224 283 787 350 canonicislestarnentiNori,hocestin
796 285 872 343 veris
878 285 1058 357 evangelicis

224 375 439 452 stapostolicis
464 371 591 441 Litteris,
618 387 681 431 non
701 374 980 448 accipiuntomnia,
1007 374 1057 431 sed

224 467 308 540 quod
318 464 431 531 volunt,
444 466 474 520 et
486 462 578 520 libros
592 463 796 539 eliguntquos
812 465 971 538 accipiant,
990 464 1058 521 aliis

223 553 411 629 improbatis.
424 552 481 610 Sed
494 556 523 609 et
532 553 561 608 in
573 552 698 623 singulis
708 553 881 628 quibusque
895 553 978 611 libris
991 553 1059 611 loca

225 642 414 714 distinguunt
427 656 496 716 quae
510 645 619 714 putant
637 643 699 698 suis
712 643 862 700 erroribus
878 644 1055 699 convenire:

222 739 331 790 coetera
346 734 377 788 in
397 731 440 788 eis
456 747 511 805 pro
526 731 609 787 falsis
624 730 748 789 hahent.
765 735 839 789 Nam
858 732 983 804 quidam
1000 734 1058 789 lla-

222 822 329 879 nichsei
347 821 528 878 canonicum
546 820 666 889 tibrum,
681 822 767 893 cujus
786 821 889 878 titulus
903 826 950 878 est
964 824 1057 879 Actus

221 912 443 983 Apostolorum,
460 909 630 981 repudient.
646 909 762 966 Timent
778 909 858 966 enim
874 910 1058 967 evidentissi-

221 1016 305 1058 mam
321 1000 485 1063 veritatem,
500 998 551 1054 ubi
565 1003 693 1070 apparet
710 1002 832 1056 sanctus
849 999 974 1072 Spiritus
988 999 1058 1054 mis·

222 1105 284 1159 sus,
307 1088 360 1162 qui
372 1094 451 1145 esta
468 1087 592 1143 Domino
606 1089 675 1144 Jesu
696 1087 813 1145 Christo
835 1088 865 1144 in
884 1087 1057 1159 evangelica

221 1180 343 1235 veritato
359 1178 526 1251 promissus
541 1176 619 1246 (Act.
634 1180 665 1244 ιι,
691 1179 758 1247 24).
774 1175 836 1233 Sub
856 1177 922 1249 ejus
943 1178 1057 1252 quippe

222 1266 490 1341 Spiritusncmine,
502 1279 590 1340 aquo
604 1264 725 1337 penitus
742 1265 830 1323 alieni
843 1272 923 1333 sunt,
935 1266 1057 1324 indocta

219 1356 379 1415 hominum
394 1355 485 1413 corde
494 1354 659 1426 decipiunt,
669 1355 1056 1414 mireceoitateasserentcs

220 1446 361 1505 eamdem
371 1444 487 1502 Domini
498 1443 730 1517 promissionem
743 1445 773 1501 in
788 1460 844 1501 suo
856 1444 1056 1503 heresiarcha

220 1536 383 1594 hisnichmo
404 1549 470 1590 esse
492 1532 687 1606 completam.
710 1534 797 1600 Quod
812 1539 842 1591 et
863 1533 905 1591 illi
924 1535 1056 1595 haeretici

219 1623 343 1691 iaciunt,
358 1623 411 1696 qui
431 1625 575 1679 vocantur
600 1621 815 1696 cataphryges,
840 1623 983 1695 dicentes,
1002 1639 1056 1697 per

221 1712 323 1770 nescio
339 1727 417 1785 quos
432 1710 566 1774 insanos,
586 1710 761 1769 Montanum
775 1710 884 1769 scilicet
898 1716 925 1767 et
941 1711 1056 1769 Priscil-

219 1808 292 1869 lam,
308 1816 385 1873 quos
400 1806 428 1857 et
444 1800 582 1873 proprios
596 1815 667 1855 suos
682 1801 844 1875 prophetas
867 1801 989 1868 hahent,
1006 1817 1053 1859 ve·

219 1891 299 1948 nisse
315 1889 456 1962 Spiritum
467 1893 615 1957 sanctum,
625 1904 718 1962 quem
732 1891 876 1947 Dominus
890 1891 1054 1950 missurum

223 1996 254 2037 se
266 1994 332 2037 esse
346 1978 494 2051 promisit.

255 2072 282 2126 3.
298 2067 525 2125 Priscillinnistae
540 2083 609 2125 vero
624 2067 775 2140 accipiunt
793 2068 905 2137 omnia,
920 2072 949 2127 et
960 2084 1054 2127 cano·

220 2159 290 2216 nica
310 2165 337 2215 et
357 2157 532 2231 apocrypha
556 2157 656 2214 simul.
676 2156 733 2216 Sed
759 2173 961 2232 quacumque
982 2174 1052 2233 quas

217 2254 322 2305 contra
337 2262 388 2304 eos
417 2250 497 2313 sunt,
513 2247 542 2302 in
559 2262 621 2303 suas
638 2247 845 2320 perversitatis
867 2264 974 2304 sensus
1002 2248 1053 2306 ali·

217 2338 340 2410 quando
356 2336 466 2394 callida
478 2340 507 2393 et
522 2341 631 2403 astuta,
648 2335 812 2410 aliquando
824 2337 951 2395 ridicula
964 2344 992 2396 et
1001 2338 1053 2397 he·

218 2427 280 2485 heti
302 2426 488 2500 expositione
510 2431 692 2499 pervertunt.
714 2429 771 2483 Nec
786 2427 892 2485 saltem
914 2428 954 2486 ita
972 2433 1003 2486 ut
1016 2445 1053 2487 ea

216 2516 292 2589 ipsa,
308 2532 377 2589 quae
393 2521 548 2587 exponunt
563 2514 602 2571 ab
615 2530 677 2570 sum
689 2520 775 2572 sectas
788 2514 966 2574 hominibus
979 2517 1053 2575 alie-

217 2605 275 2672 nis,
285 2618 356 2661 vera
367 2619 431 2660 esse
440 2602 565 2659 credant
575 2620 583 2671 ;
595 2602 785 2676 alioquiuaut
794 2604 930 2662 catholici
940 2610 1050 2676 essent,

217 2697 270 2751 aut
294 2706 356 2750 non
377 2691 505 2748 multum
524 2706 543 2749 a
562 2692 683 2750 veritate
703 2693 802 2761 alieni,
817 2694 869 2768 qui
885 2701 914 2752 st
933 2696 963 2752 in
978 2696 1051 2769 ipsis

217 2781 370 2855 scripturis
379 2779 561 2854 apocryphis
572 2796 680 2838 sensus
695 2781 857 2839 catholicos
871 2783 1051 2854 invenirent,

217 2869 406 2929 autinvenire
415 2868 490 2926 velle
504 2869 749 2927 viderentur:sed
761 2873 894 2946 cumipsi
910 2873 968 2931 alia
980 2890 1049 2931 cum

217 2960 281 3017 suis
306 2958 447 3026 sentiant,
464 2963 554 3032 atque
568 2960 645 3017 inter
666 2976 737 3017 suos
757 2960 897 3029 doceant,
914 2962 976 3019 sive
991 2962 1050 3019 dis-

216 3056 374 3123 cantque
395 3063 456 3105 non
479 3048 591 3105 audent
612 3048 749 3121 prodere,
762 3050 910 3124 quoniam
923 3068 954 3108 re
979 3068 1052 3110 vera

219 3138 334 3197 nelarie
355 3144 425 3195 sunt
443 3141 471 3194 et
485 3137 681 3208 detestanda3
700 3144 803 3196 tamen
822 3139 913 3197 iidem
928 3142 1052 3201 catholi-

219 3243 287 3285 cam
298 3228 340 3284 cis
350 3243 428 3300 quos
440 3226 554 3295 timent,
561 3227 738 3299 praedicant,
746 3244 907 3303 nonquam
918 3235 1048 3299 teneant,

220 3317 273 3374 sed
283 3315 340 3373 sub
354 3332 416 3390 qua
431 3315 550 3372 lateant.
572 3318 700 3373 Possunt
714 3317 794 3374 enim
808 3318 901 3392 aliqui
918 3320 1051 3378 haeretici

218 3406 340 3481 reperiri
355 3406 482 3462 tortasse
494 3403 722 3473 immundiores,
738 3406 791 3463 sed
810 3406 910 3463 nullus
924 3408 987 3466 istis
997 3409 1052 3468 lal-

217 3496 295 3553 lacia
318 3499 520 3567 comparatur.
544 3493 599 3550 atti
620 3493 742 3568 quippe,
758 3500 790 3551 ut
808 3502 878 3554 sunt
892 3498 1050 3557 hominum

220 3584 300 3650 vitia,
315 3584 353 3640 de
376 3582 467 3655 hujus
493 3583 558 3640 vitae
587 3585 803 3641 consuetudine
818 3586 864 3642 vel
878 3586 1050 3648 infirmitate

219 3672 427 3730 mentiuntur:
451 3671 498 3729 isti
513 3678 613 3729 autem
637 3673 667 3729 in
693 3674 757 3747 ipsa
774 3674 890 3733 nelaria
913 3676 1051 3737 doctrina

218 3762 341 3820 heresis
365 3778 427 3819 sum
451 3767 637 3836 preceptum
653 3762 765 3820 habere
789 3765 992 3838 perhibentur,
1018 3773 1051 3826 ut

218 3851 464 3910 occultandorum
483 3853 662 3922 dogmatum
686 3868 809 3911 suorum
829 3871 933 3923 causa,
958 3855 1048 3914 etiam

219 3958 286 3999 cum
299 3941 375 3998 ialsa
386 3941 536 4012 juratione
547 3942 739 3999 mentiantur.
756 3942 789 3999 lli
804 3946 855 4018 qui
869 3960 921 4002 eos
933 3945 1050 4019 experti

218 4035 297 4098 sunt,
313 4036 342 4087 et
354 4032 489 4103 ipsorum
505 4029 632 4097 inerant,
649 4037 739 4104 atque
754 4032 794 4089 ab
809 4035 851 4091 eis
866 4035 917 4092 Dei
932 4036 1049 4094 miseri-

218 4118 321 4176 cordia
333 4118 451 4175 liberati
464 4120 544 4183 sunt,
556 4118 646 4176 etiam
664 4120 755 4178 verbe
764 4122 831 4195 ipss
840 4125 981 4199 precepti
994 4125 1049 4184 hu·

212 4206 262 4281 jus
277 4207 334 4264 ista
346 4212 586 4264 commemorant
602 4229 609 4264 ι

347 4314 423 4373 lura,
441 4314 556 4380 perjura,
574 4318 706 4367 secretum
717 4317 830 4382 prodere
842 4318 908 4371 noli.

842 206 851 223 .
879 155 1123 219 santissimi
1143 154 1302 216 urtscort

1881 154 1946 221 tati

1111 283 1244 356 hymnus
1260 296 1322 339 non
1338 282 1377 339 sit
1397 281 1428 337 in
1451 296 1578 352 canone,
1594 282 1668 357 quia
1680 282 1765 342 velut
1778 299 1945 347 sacramen·

1111 359 1175 429 ttrin
1190 371 1269 446 regis
1294 370 1545 429 abscondendum
1567 371 1623 432 luit
1636 372 1685 431 his
1708 374 1766 449 qui
1780 376 1945 436 secundum

1111 476 1234 519 carnem
1247 460 1389 528 sentiunt,
1402 467 1430 517 et
1443 476 1506 518 non
1520 462 1688 519 secundum
1703 462 1849 535 spiritum
1866 470 1896 523 et
1906 482 1947 523 vs·

1111 551 1228 607 ritatem
1244 550 1305 607 Dei.
1324 551 1400 621 Ergo
1416 550 1575 623 Scriptura
1599 553 1758 609 canonicas
1779 567 1843 610 non
1863 556 1947 627 perti·

1110 639 1229 696 nented
1243 643 1467 697 sacramentum
1482 640 1570 712 regis,
1582 640 1665 714 quod
1680 641 1745 698 istis
1758 641 1947 703 absconden-

1110 728 1184 786 dum
1196 728 1314 784 videtur
1325 745 1333 797 ς
1344 733 1373 786 et
1381 729 1423 786 eis
1431 729 1608 802 conscriptae
1617 734 1697 798 sunt,
1708 731 1766 805 qui
1779 734 1946 793 secundum

1109 832 1232 875 carnem
1248 817 1390 888 sentiunt,
1403 822 1433 874 et
1448 833 1509 874 non
1523 818 1692 878 secundum
1706 822 1892 894 spiritumet
1904 838 1943 882 vs·

1110 909 1226 963 ritatem
1234 907 1388 973 Deiouod
1398 907 1732 982 quidestaliud,quam
1740 909 1845 969 dicere
1856 912 1945 986 Scrip-

1110 1000 1193 1053 tusas
1214 1003 1334 1052 sanetas
1359 997 1519 1053 canonicas
1533 1011 1589 1054 nee
1613 999 1788 1057 secuudum
1810 1002 1942 1074 spiritum

1109 1084 1161 1141 Dei
1177 1100 1292 1158 sapere,
1309 1100 1365 1141 nec
1379 1086 1527 1159 pertinere
1547 1087 1587 1144 ad
1602 1090 1762 1146 veritatem
1783 1090 1839 1146 Dei
1852 1089 1867 1147 l
1880 1093 1943 1158 onis

1108 1172 1167 1232 hoo
1179 1172 1309 1232 audisti
1323 1176 1391 1248 quis
1407 1175 1504 1233 valeat
1518 1176 1663 1235 sustinere
1675 1182 1769 1235 tantae
1784 1179 1941 1253 impietatis

1108 1262 1264 1321 horrorem
1277 1263 1292 1320 i
1303 1267 1361 1320 ant
1373 1265 1397 1320 si
1411 1265 1571 1338 Scripturas
1581 1265 1741 1323 canonicae
1755 1268 1943 1340 spiritualiter

1108 1366 1127 1409 a
1142 1352 1356 1426 spiritualibus,
1368 1352 1527 1411 carnaliter
1538 1368 1557 1411 a
1569 1354 1746 1413 carnalibus
1759 1358 1943 1427 sentiuntnr;

1108 1455 1162 1497 cur
1176 1455 1238 1499 non
1253 1445 1298 1498 est
1312 1447 1341 1499 et
1354 1441 1410 1499 iste
1422 1441 1557 1516 hymnus
1569 1442 1601 1499 in
1620 1458 1753 1514 canone,
1765 1446 1790 1503 si
1804 1453 1838 1504 et
1852 1450 1943 1523 ipsunt

1108 1529 1275 1602 spirituales
1282 1529 1944 1603 spiritualiter,cernalescarnalitersentiunti

1143 1623 1169 1674 5.
1184 1619 1295 1676 Deinde
1314 1619 1388 1692 quid
1403 1628 1565 1678 causaest
1586 1625 1618 1678 ut
1630 1622 1780 1681 eumdem
1798 1626 1945 1699 hymnam

1107 1709 1153 1766 isti
1165 1709 1333 1767 secundum
1343 1710 1513 1784 Scripturas
1520 1711 1684 1770 canonicas
1692 1722 1852 1774 conentur
1862 1733 1943 1792 expo

1105 1812 1177 1856 nere
1190 1800 1205 1857 l
1219 1798 1248 1857 Si
1264 1799 1345 1856 enim
1365 1805 1524 1873 propterea
1540 1816 1600 1858 non
1614 1807 1661 1858 est
1673 1801 1707 1859 in
1723 1802 1892 1879 seripturis
1904 1824 1945 1869 cs·

1106 1888 1233 1956 nonicis,
1257 1888 1331 1963 quia
1349 1887 1403 1945 illae
1425 1890 1584 1963 Scripturas
1607 1891 1800 1962 carnalibus,
1816 1893 1943 1968 hymnm

1105 1982 1207 2034 autem
1221 1977 1276 2035 iste
1292 1977 1498 2051 spiritualibus
1514 1980 1643 2052 scriptus
1654 1984 1701 2037 est
1717 1999 1726 2051 ;
1743 1984 1943 2056 quomodods

1107 2067 1265 2139 Scripturis
1275 2067 1315 2125 ad
1325 2066 1460 2125 carnales
1469 2068 1608 2126 homines
1620 2071 1855 2142 pertinentibus
1863 2090 1944 2150 expo.

1106 2154 1186 2212 nitur
1206 2156 1349 2229 hymnus,
1367 2156 1420 2231 qui
1439 2172 1498 2215 non
1520 2159 1649 2230 pertinet
1667 2159 1711 2216 ad
1733 2161 1942 2225 carnaleslsi

1105 2244 1197 2312 enim,
1210 2245 1294 2302 verbi
1310 2246 1416 2318 gratia
1429 2251 1589 2320 propterea
1601 2248 1609 2284 ¹
1625 2247 1657 2304 in
1668 2248 1733 2306 isto
1746 2250 1870 2324 hymno
1883 2270 1942 2313 osa-

1105 2337 1184 2406 patur
1205 2338 1234 2391 et
1248 2334 1366 2402 dicitur,
1384 2335 1506 2394 Solvere
1524 2336 1602 2402 uoto,
1617 2342 1646 2393 et
1668 2339 1755 2397 solos·
1772 2342 1855 2409 nolo,
1868 2345 1940 2419 quis,

1106 2422 1183 2479 sicut
1196 2423 1243 2479 isti
1258 2424 1323 2481 hac
1337 2423 1431 2482 verba
1446 2430 1611 2497 exponunt,
1627 2425 1720 2486 scirit
1729 2444 1792 2486 nos
1807 2433 1941 2491 Domirm

1105 2511 1238 2569 Christus
1263 2527 1282 2571 a
1308 2513 1538 2571 conversatione
1556 2514 1669 2584 monti,
1699 2521 1824 2578 utnon
1844 2522 1940 2581 iterun

1103 2599 1233 2671 ligemur
1245 2601 1275 2658 in
1291 2617 1327 2659 eo
1342 2618 1350 2670 ;
1365 2602 1431 2659 heae
1445 2603 1476 2658 in
1492 2603 1651 2677 scripturis
1665 2610 1834 2667 canonicis
1849 2612 1939 2686 utique

1104 2689 1274 2763 didicimus,
1298 2691 1381 2765 quod
1402 2692 1498 2750 solvat
1511 2707 1568 2750 nos
1584 2694 1737 2753 Dominus
1752 2713 1773 2756 a
1786 2714 1937 2760 couversa-

1104 2780 1183 2837 tione
1192 2779 1301 2850 saeculi,
1314 2780 1424 2853 etquis
1434 2780 1464 2837 in
1475 2796 1511 2838 eo
1523 2795 1584 2838 non
1598 2781 1757 2842 debemus
1767 2786 1881 2848 iterum
1889 2790 1937 2848 eol

1104 2866 1201 2941 ligari.
1216 2872 1291 2926 Nam
1305 2869 1380 2942 quid
1394 2876 1439 2927 est
1458 2870 1550 2937 aliud,
1569 2873 1725 2945 Diraps'sti
1740 2877 1870 2938 maculo
1882 2896 1936 2939 mes

1104 2958 1199 3031 (Psoi.
1212 2973 1280 3026 exv,
1306 2957 1379 3031 loli
1401 2959 1542 3033 quidest
1567 2959 1661 3032 aliud,
1687 2966 1846 3026 mminss
1858 2971 1935 3028 solvit

1103 3047 1282 3119 compeditos
1301 3048 1397 3121 (Psat.
1419 3064 1502 3116 cxcv,
1517 3049 1546 3122 l)
1559 3048 1584 3106 i.
1607 3051 1675 3108 lam
1697 3054 1823 3114 solutos
1846 3065 1932 3117 casea

1102 3137 1265 3210 Apostolus
1277 3137 1637 3206 admonetdicens,Stots
1648 3148 1930 3215 erometneiteras

1103 3227 1339 3300 servitutisjnoo
1353 3227 1547 3286 detineamini
1558 3229 1673 3302 (Galat.
1692 3249 1727 3300 v,
1745 3236 1773 3308 ι)
1788 3256 1796 3297 :
1811 3244 1842 3296 et
1854 3254 1931 3312 apos
1972 3262 1974 3273 ι

1103 3315 1182 3373 tolus
1196 3316 1299 3375 Petrus
1312 3316 1393 3387 dicit,
1407 3316 1440 3375 Si
1452 3317 1531 3376 enim
1551 3320 1744 3393 resuyientes
1765 3328 1930 3401 coinquins·
1969 3318 1974 3397 i

1103 3403 1196 3464 tiones
1208 3405 1314 3462 mundi
1326 3407 1357 3463 in
1369 3405 1537 3478 connitione
1551 3408 1670 3467 Domini
1685 3416 1792 3471 nostri
1800 3420 1830 3474 et
1844 3419 1930 3476 Setos
1968 3400 1974 3451 ¹

1104 3496 1177 3551 toris
1193 3494 1261 3552 less
1289 3495 1412 3562 Christi,
1433 3496 1479 3554 liis
1500 3512 1608 3555 rursus
1630 3499 1783 3570 impliciti
1801 3520 1930 3578 supano
1972 3560 1974 3567 .

1103 3587 1155 3638 tar
1168 3598 1181 3655 ,·
1191 3583 1277 3653 sacto
1292 3590 1361 3641 sont
1384 3585 1425 3642 sis
1438 3584 1604 3655 posteriora
1617 3586 1780 3650 deteriora
1792 3595 1928 3664 pinnen
1971 3572 1974 3637 Ι

1102 3672 1138 3743 tlt
1149 3672 1229 3730 Petr.
1240 3688 1270 3737 n,
1284 3673 1329 3745 ιο)
1343 3673 1403 3741 ;sic
1414 3674 1586 3741 osnndens,
1597 3690 1669 3733 cum
1680 3679 1778 3739 soluti
1787 3681 1928 3753 luerimus,
1969 3678 1974 3729 ¹

1103 3759 1219 3831 alligari
1232 3776 1287 3818 nos
1298 3762 1414 3819 mundo
1421 3761 1532 3820 iterum
1539 3763 1736 3825 nondshere.
1753 3771 1834 3830 Cum
1844 3773 1926 3847 naqa

1100 3847 1159 3906 ista
1171 3850 1202 3906 in
1227 3865 1353 3917 canone,
1368 3851 1431 3909 sive
1443 3866 1479 3909 ex
1499 3851 1546 3909 his
1561 3853 1748 3915 testimoniis
1767 3875 1839 3935 qua
1862 3877 1925 3919 con·

1101 3939 1277 4006 memorari,
1293 3940 1355 3997 sive
1367 3956 1403 3998 ex
1414 3940 1479 3998 aliis
1492 3940 1630 4014 plurimis
1643 3946 1818 4009 manifesta
1833 3952 1926 4023 sintst

1100 4027 1158 4100 legi
1174 4034 1203 4086 st
1218 4029 1374 4102 predicari
1391 4046 1452 4088 non
1467 4038 1586 4089 cessent
1602 4047 1611 4099 ς
1632 4033 1715 4107 quid
1734 4040 1881 4114 estquod
1891 4038 1926 4097 isi

1099 4115 1181 4174 hune
1195 4117 1355 4190 hymnum,
1379 4119 1441 4188 uhi,
1465 4124 1497 4178 ut
1518 4121 1689 4181 secundum
1714 4126 1805 4200 ipsos
1823 4130 1924 4205 loquar,

1099 4205 1191 4263 verba
1213 4205 1425 4265 obscurissime
1444 4215 1515 4266 sunt
1528 4209 1637 4283 posita,
1652 4222 1826 4289 propterea
1838 4218 1924 4276 dicent

1098 4296 1130 4353 in
1141 4311 1257 4353 canone
1266 4312 1410 4368 nonense,
1421 4314 1460 4357 ne
1468 4297 1638 4359 velarentur
1650 4305 1858 4367 carnalibus?
1869 4322 1922 4367 οιι

249 4415 277 4471 4.
289 4413 417 4471 Proinde
428 4419 460 4470 ut
474 4414 538 4471 sine
549 4413 610 4471 ulla
619 4414 795 4474 difficultate
805 4418 941 4476 videatur
950 4437 1044 4496 quam
1097 4386 1197 4458 P⁰ti¹¹⁸
1212 4401 1248 4445 ⁰⁸
1263 4386 1419 4445 'idffimu'
1433 4390 1464 4445 in
1476 4404 1589 4447 “⁰⁰⁰⁶
1603 4390 1753 4465 ”mmo
1770 4396 1806 4455 5¹¹
1820 4398 1875 4457 Μ
1884 4413 1921 4457 ⁸⁸·

214 4515 276 4560 non
295 4504 352 4560 hoc
375 4504 506 4560 sentiunt
525 4504 563 4560 de
586 4506 737 4578 scripturis
755 4510 946 4582 apocryphis,
962 4513 1044 4585 quod
1098 4479 1155 4531 ¹⁰¹⁰
1176 4473 1292 4575 hym
1306 4479 1431 4578 ⁰¹3¹¹¹i⁰⁰
1454 4477 1563 4547 ’Μ’
1583 4479 1664 4539 ’Ῑωῑ
1684 4482 1747 4558 ῙΙ)ιί
1773 4494 1919 4549 &milii

213 4608 244 4648 se
257 4608 408 4665 exponere
421 4592 574 4660 simulant,
583 4596 939 4657 ratioconsiderandaest
948 4617 1042 4675 quam
1095 4577 1167 4620 Μ
1180 4570 1255 4621 ⁸¹⁰¹¹t
1266 4580 1365 4637 ΜΨ
1378 4566 1561 4625 “md‘ndum
1572 4575 1626 4638 ⁰⁸¹⁹
1642 4584 1777 4644 Pmu'
1794 4592 1858 4637 ¹¹⁰⁸
1867 4582 1919 4635 Μ

211 4682 336 4737 reddere
352 4682 499 4747 videntur,
524 4688 556 4738 ut
576 4681 691 4739 eisdem
719 4685 874 4758 scripturis
898 4695 1041 4763 tanquam
1092 4651 1171 4726 Μ’
1192 4653 1246 4711 ⁸⁰d
1266 4655 1367 4754 ⁰9⁸⁰i⁰
1390 4671 1460 4731 (μω
1482 4656 1553 4727 “n''
1575 4674 1643 4731 ΨΜ
1671 4662 1727 4721 ¹⁸¹¹
1746 4668 1917 4765 ,⁰¹9⁰'ffiu'

214 4768 315 4825 divina
330 4770 477 4826 tribuatur
488 4771 659 4838 auctoritas,
675 4777 707 4829 ut
719 4774 803 4846 quod
815 4776 970 4835 scelestius
983 4785 1039 4848 est,
1093 4741 1189 4799 m⁰¹t⁰
1203 4742 1335 4843 ‘mpliffl
1346 4744 1503 4847 nimam,
1514 4746 1645 4848 ΜΨ
1654 4749 1848 4854 ,Ῑθῑξῃῑάω

210 4857 300 4916 etiam
316 4858 468 4915 canonicis
483 4859 651 4931 praeierant.
674 4861 771 4919 liabes
786 4865 879 4922 verba
892 4882 997 4926 eorum
1008 4871 1039 4928 in
1127 4828 1154 4887 ⁶·
1166 4832 1452 4936 N⁸⁰3¹¹¹¹q¹¹ff⁸¹h⁰⁰
1463 4834 1915 4938 ¹¹¹¹¹'⁶¹¹'¹⁸·⁸¹⁸¹¹¹fl‘²⁸²'²¹s‘lllld

208 4947 259 5005 illc
270 4948 372 5005 codice
383 4949 423 5004 ita
434 4949 533 5020 posita
547 4965 554 5004 :
567 4950 706 5021 Hymnus
720 4953 851 5023 Domini,
863 4972 948 5029 quem
959 4959 1038 5019 dicit
1090 4934 1146 4977 ¹¹⁰⁸
1161 4920 1249 5021 ff⁰lv¹²
1273 4922 1417 5024 Df'm'nu'
1432 4942 1456 5025 ,ἃ
1469 4933 1700 4988 ⁰⁰¹¹V⁰¹³⁸²¹⁰¹¹⁶
1720 4936 1842 5005 ’mulis
1860 4941 1916 4995 Μ

208 5043 318 5095 secrete
328 5039 439 5095 sanctis
453 5039 601 5107 apostolis
613 5040 768 5110 discipulis
779 5043 851 5114 suis,
860 5049 931 5119 qnia
945 5051 1037 5120 scrip
1090 5023 1152 5066 ¹¹⁰⁰
1164 5017 1273 5068 mrum
1287 5010 1416 5084 ¹¹⁸⁶m¹¹f
1430 5029 1462 5071 ¹¹¹
1475 5030 1511 5073 ⁰⁰
1527 5028 1535 5084 3
1551 5030 1614 5073 '¹⁰¹¹
1627 5017 1801 5091 d¹⁰⁰⁹⁰¹¹¹¹i
1814 5024 1914 5084 ΜΝ*

205 5127 373 5273 yffi?
386 5126 565 5273 gypt&
582 5130 732 5274 ‘guo
752 5131 841 5235 nn
857 5138 990 5196 ...aa
1004 5140 1035 5197 .·.
1088 5098 1913 5265 :enttrttlttrtintrs.tt.⁰’:mli

204 5313 246 5362 est
259 5216 383 5374 positis}
397 5259 521 5376 propter
535 5233 585 5362 eoi,
594 5220 648 5379 qni
657 5234 1035 5376 s’cgnssqgaimnsceazggfim
1087 5274 1192 5334 fideles
1202 5295 1273 5337 suos
1286 5282 1318 5337 in
1333 5298 1364 5339 se
1376 5282 1580 5357 transfigurat,
1593 5244 1910 5360 quemadmotiumdi

202 5401 230 5450 st
243 5410 301 5452 non
313 5395 473 5452 secundum
484 5395 658 5465 spiritumet
670 5400 821 5459 sementem
835 5404 898 5470 Dei,
912 5359 1035 5481 eoquod
1085 5364 1218 5436 &mvi
1233 5376 1260 5427 θ’
1275 5370 1394 5429 mm*
1412 5371 1488 5431 mm
1509 5376 1700 5439 mmmm
1714 5380 1909 5456 (mm-¹1¹·

202 5486 346 5554 scriptum
361 5485 679 5552 eseesccrcmemum
698 5493 895 5562 montonem
908 5504 950 5555 est
964 5500 1030 5557 abs·
1085 5455 1151 5556 ἔξω
1165 5456 1277 5517 dmm
1293 5461 1403 5560 *3⁰⁰⁰*
1420 5461 1500 5565 sim
1521 5463 1645 5565 'PM
1658 5466 1752 5569 ΠΨ
1774 5474 1909 5577 ψη

201 5573 327 5630 condere
336 5587 445 5646 ;opero
455 5583 553 5634 autem
563 5577 617 5635 Dei
629 5579 762 5638 revelare
775 5579 971 5655 honorificum
981 5604 1032 5656 ess
1085 5559 1111 5602 ⁸¹
1126 5551 1285 5619 μορίω
1298 5565 1364 5623 ¹9⁸⁰
1377 5550 1476 5620 ’Μ’
1489 5557 1520 5612 ⁶³
1536 5566 1604 5629 ¹⁹⁸⁶
1616 5552 1760 5637 ‘dmm'
1774 5580 1853 5641 ΨΜ
1866 5560 1908 5623 ”⁸
1928 5602 1932 5607 '

199 5657 346 5743 (lotari,
357 5662 420 5739 7).»
436 5666 495 5725 tsta
508 5671 553 5726 est
563 5681 677 5741 magns
690 5683 795 5729 eorum
805 5673 879 5733 ratio
894 5692 948 5737 cur
960 5677 1021 5740 iste
1114 5693 1123 5729 ¹
1136 5694 1218 5759 abas,
1235 5710 1340 5768 propre.
