3952 6128
231 181 286 238 '155

230 307 390 377 mitterent,
405 315 434 365 et
447 325 508 366 non
523 314 551 368 te
564 309 601 368 de
613 310 664 369 illa
679 316 775 370 morte
788 310 948 370 liberarent
964 309 972 363 ι
986 307 1055 382 quis

230 411 283 453 eos
297 412 356 453 non
368 397 473 454 merito
485 399 619 473 culparet
630 400 717 474 iquis
726 416 785 459 non
797 400 907 474 impios
918 402 996 456 recte
1006 398 1056 470 ju-

230 483 367 543 diearet?
381 487 414 541 Et
425 490 526 544 tamen
541 493 606 547 tute
619 489 720 547 volens
734 491 764 547 in
778 506 888 563 nquam
902 487 1008 545 misisti
1023 490 1056 542 nt

230 575 388 629 morereris
402 592 411 641 ,·
424 574 465 632 illi
476 580 503 633 te
512 577 663 636 nolentem
674 580 712 636 de
727 596 808 652 aqua
822 580 1004 643 levaverunt,
1018 591 1055 631 ne

229 661 386 718 morereris
403 679 410 719 ε
429 668 458 720 tu
473 663 566 723 iecisti
581 669 747 727 seeundum
762 669 944 725 voluntatem
960 668 1054 730 tuam,

229 748 282 805 sed
297 750 585 823 inpernieiemtnam
595 756 1054 823 ;ilticontravoluntatemtuam,

229 836 283 894 sed
298 843 420 912 propter
430 842 556 901 salutem
566 849 659 902 tuam.
676 846 703 903 Si
716 845 1056 918 ergosalusistaeorpo-

229 925 301 982 ralis
315 928 561 991 siceustedienda
571 940 624 1001 est,
636 940 668 991 ut
680 935 808 992 etiamin
821 932 1002 998 nolentibus,
1016 929 1056 988 ab

229 1015 272 1071 eis
285 1017 337 1087 qui
348 1033 399 1074 eos
409 1020 546 1091 diligunt,
556 1029 688 1080 servetur
700 1019 1056 1096 ;quautomagisillaspi-

229 1102 358 1173 ritualia,
370 1106 399 1162 in
408 1109 670 1180 eujusdescrtione
682 1128 764 1169 mors
777 1107 1054 1169 aternametuiturt

231 1192 411 1265 Quanquam
428 1195 458 1252 in
471 1197 529 1254 ista
545 1204 641 1256 morte
656 1216 751 1273 quam
764 1201 816 1257 tibi
832 1205 861 1256 tu
878 1197 1056 1272 ipseinierre

228 1280 361 1349 voluisti,
373 1299 434 1339 non
446 1284 545 1342 solum
564 1287 602 1345 ad
618 1293 748 1362 tempus,
765 1290 817 1346 sed
831 1289 920 1345 etiam
932 1287 961 1343 in
974 1290 1055 1343 aeter·

227 1384 301 1426 num
317 1374 475 1430 morereris
489 1397 496 1443 ς
512 1377 584 1449 quia
598 1378 652 1434 etsi
668 1394 729 1435 neu
741 1380 779 1435 ad
794 1379 932 1446 salutem,
947 1374 1057 1432 nonad

229 1458 366 1516 Ecclesiae
380 1478 497 1533 pacem,
510 1480 571 1522 non
585 1467 624 1522 ad
635 1466 742 1525 Christi
753 1467 888 1541 eorporis
901 1466 1056 1532 unitatem,

230 1563 290 1604 nou
310 1550 349 1605 ad
367 1557 503 1610 sanctam
518 1558 561 1623 {et
580 1555 768 1614 individuam
796 1557 981 1619 charitatem,
1002 1551 1057 1609 sed

229 1635 268 1693 ad
283 1637 366 1694 mala
384 1640 487 1713 aliqua
501 1645 660 1714 cogereris,
677 1660 733 1702 nec
754 1646 795 1703 sic
820 1645 871 1702 tibi
896 1645 960 1717 ipse
974 1659 1055 1700 mor-

229 1728 287 1782 tem
298 1726 406 1784 inferre
418 1728 559 1788 debuisti.

265 1818 290 1870 5.
307 1814 468 1875 Considera
479 1820 783 1893 Scripturasdisinas,
798 1823 948 1880 etdisente
958 1836 1057 1895 quan-

228 1905 292 1958 tum
319 1909 415 1977 potes,
438 1912 467 1964 et
479 1907 546 1964 vide
562 1916 662 1967 utrum
689 1911 748 1969 hoe
764 1912 865 1969 feeerit
883 1911 990 1985 aliquis
1006 1909 1057 1967 ali·

228 1992 353 2063 quande
366 1994 515 2065 justorum
526 1999 766 2070 atquetidelium,
783 2017 852 2058 eum
866 2001 905 2058 ab
918 2001 959 2058 eis
975 2002 1056 2057 tanta

229 2080 311 2138 mala
326 2085 455 2156 perpessi
472 2087 540 2153 sint,
551 2088 603 2162 qui
619 2105 671 2146 eos
684 2091 723 2147 ad
734 2096 877 2149 aternum
892 2090 1055 2164 interitum,

227 2185 288 2225 non
300 2171 338 2228 ad
354 2173 446 2230 vitam
458 2181 686 2251 internamque
703 2185 731 2237 tu
744 2180 942 2254 compelleris,
955 2182 1055 2252 adige·

224 2259 307 2316 bant.
323 2262 429 2318 hudini
439 2265 520 2337 quod
531 2266 644 2324 dixeris
655 2268 826 2340 apostolum
836 2267 1056 2340 Paulumsigni-

224 2347 331 2405 ficasse
345 2351 403 2407 hoc
419 2353 482 2409 fleri
501 2354 619 2421 debere,
639 2358 695 2413 uhi
712 2358 763 2423 ait,
775 2359 837 2415 litet
849 2359 1056 2416 tradideroccr·

223 2454 273 2509 pas
287 2455 374 2495 meam
389 2447 421 2496 ut
441 2442 553 2499 ardeam
569 2446 591 2516 (ι
607 2445 671 2501 Ger.
690 2462 752 2514 xru,
768 2448 797 2517 3)
818 2447 1056 2519 ;quiavidelieet

221 2526 325 2584 omnia
340 2529 419 2586 bona
438 2529 568 2597 dicebat,
584 2550 653 2608 quae
665 2534 730 2591 sine
742 2535 885 2592 charitate
901 2536 974 2593 nihil
988 2553 1054 2608 pro·

224 2620 302 2679 sunt,
315 2617 389 2674 sieut
406 2624 482 2676 sunt
496 2620 773 2691 lingumhomiuum
786 2625 1013 2697 ethngelorum
1027 2629 1056 2682 et

222 2702 325 2761 omnia
335 2715 539 2774 sacramenta,
549 2715 683 2769 etomnis
694 2713 829 2784 seientia,
842 2720 872 2771 ct
880 2715 979 2771 omnis
987 2730 1055 2788 pro·

222 2793 334 2865 phetia,
351 2799 379 2851 et
394 2797 493 2853 omnis
509 2798 588 2856 fides
602 2800 642 2858 ita
657 2808 815 2860 utmontes
829 2802 1054 2869 transferantur,

224 2886 253 2938 et
269 2898 369 2940 rerum
378 2901 503 2944 suarum
514 2889 687 2949 distributio
697 2892 882 2966 pauperibus
895 2896 920 2961 ¹;
933 2894 1000 2950 ideo
1012 2894 1054 2950 vi·

227 2969 316 3028 detur
330 2972 384 3030 tibi
400 2976 489 3032 etiam
502 2976 561 3035 hoc
573 2979 649 3036 inter
663 2980 744 3038 bena
756 2998 943 3048 numerasse,
952 2988 985 3039 ut
998 2984 1054 3049 sihi

225 3061 354 3135 quisque
366 3063 475 3122 inierat
485 3072 627 3125 mortem.
644 3070 703 3127 Sed
723 3072 842 3129 attende
855 3072 1013 3145 diligenter
1026 3079 1055 3133 et

228 3164 359 3220 agnosce
372 3155 632 3225 quemadmodum
644 3158 723 3216 dicat
732 3160 983 3235 Scriptura‚qucd
994 3168 1055 3219 tra·

227 3239 280 3296 dat
292 3241 421 3315 quisque
434 3260 522 3300 suum
538 3262 648 3319 eorpus
661 3252 693 3304 ut
707 3249 819 3306 ardeat.
836 3252 898 3307 Non
912 3251 1055 3325 utiqueut

226 3327 293 3400 ipse
308 3331 485 3402 seinignem
496 3334 604 3400 mittat,
615 3337 738 3409 quando
744 3345 974 3413 persequentem
981 3342 1054 3415 pati·

226 3419 455 3489 turinimieum;
470 3422 656 3496 sedquandc
667 3427 1054 3501 eiproponitnrutautmall

227 3506 341 3580 aliquid
356 3507 456 3576 faeiat,
472 3517 524 3568 aut
534 3514 604 3570 mali
619 3513 880 3591 aliquidpatiatur,
887 3519 978 3591 eligat
990 3537 1051 3580 uon

225 3594 325 3652 lacere
341 3596 422 3655 mala
436 3614 528 3672 quam
544 3618 606 3660 non
625 3605 688 3676 pati
704 3605 783 3664 mala
799 3623 806 3662 :
821 3612 912 3680 atque
931 3609 971 3667 ita
985 3626 1052 3668 eor-

224 3698 382 3756 passuum
400 3689 498 3746 tradat
511 3689 542 3746 in
562 3697 741 3764 potestatem
757 3695 960 3764 interfectoris,
976 3701 1051 3757 sieut

224 3776 283 3831 tres
298 3773 339 3831 illi
350 3776 407 3833 viri
418 3776 609 3855 feceruntqui
620 3799 742 3842 auream
757 3789 886 3844 statuam
902 3788 1049 3859 cogeban-

222 3865 270 3920 tur
282 3864 419 3935 adorare,
433 3873 461 3925 et
471 3869 530 3926 nisi
544 3869 684 3942 iacerent,
696 3874 869 3933 minabatur
883 3877 925 3933 eis
935 3877 983 3935 ille
997 3878 1049 3953 qui

221 3954 359 4027 cogebat,
371 3958 525 4015 caminum
535 3959 614 4030 ignis
622 3964 787 4020 ardentem.
796 3964 911 4022 idolum
922 3966 1049 4026 adorare

220 4040 381 4100 noluerunt
398 4061 405 4112 ;
421 4062 483 4102 non
503 4047 560 4119 ipsi
577 4065 610 4106 se.
623 4050 652 4107 in
666 4052 766 4122 ignem
781 4054 924 4112 miserunt
941 4072 947 4111 :
964 4060 992 4112 et
1007 4062 1048 4115 ta-

221 4144 291 4186 men
303 4132 392 4189 etiam
408 4135 707 4210 deillissieseriptum
717 4144 862 4217 estquod
871 4145 1047 4205 tradiderunt

220 4234 399 4290 corporesnc,
413 4228 533 4297 steteque
543 4225 677 4285 servirent
681 4231 929 4303 ,nsquccdorereet
941 4233 1046 4292 sitiens¹

219 4306 311 4376 dmm,
326 4310 644 4383 sedDenmsnumtllen.
656 4334 696 4383 ιιι,
705 4322 747 4375 ιι·
738 4321 804 4389 mii)
811 4323 1044 4397 Eceequomodo

219 4396 295 4455 dixit
308 4401 482 4472 Apostolus,
489 4402 665 4462 Sitreds'dsro
675 4423 771 4480 corpus
782 4427 868 4467 meam
880 4418 913 4466 nt
923 4413 1043 4471 ardeam.

255 4492 282 4545 ιι.
296 4489 381 4555 Quod
395 4496 495 4550 autem
511 4494 655 4566 seqnitur,
669 4498 761 4555 vide.
774 4498 804 4556 Si
818 4501 978 4560 charitatem
990 4522 1043 4562 ιιοιι

218 4575 327 4633 habeam
330 4580 613 4657 ,sititmihiprcdest
622 4586 1043 4651 Adistameharitatemvoea·

218 4665 271 4732 ris,
286 4667 326 4724 ab
344 4668 401 4726 ista
419 4671 562 4729 charitate
582 4675 678 4745 perire
690 4691 750 4734 nou
766 4679 893 4736 sineris·
886 4685 937 4749 ,et
951 4688 1041 4754 putas

218 4752 271 4811 tibi
289 4755 404 4829 aliquid
419 4761 570 4831 prodesse,
584 4779 609 4820 ss
628 4765 733 4838 terpse
749 4769 954 4841 praecipitasse
965 4771 1041 4828 iute-

215 4842 317 4912 ritum,
331 4847 716 4925 eumtibinihiiprodesset,
727 4856 1038 4918 etiamsialterteoeei·

215 4933 297 4991 deret
309 4936 478 4995 charitatis
471 4939 641 5001 mimicumt
656 4944 736 5001 loris
749 4951 852 5004 autem
865 4946 1039 5008 ablieclesia

213 5022 438 5092 constitutus,et
451 5034 608 5099 separatus
623 5036 964 5105 aeompageunitatiset
975 5041 1039 5096 vin·

213 5111 281 5169 culo
292 5113 453 5184 eharitatis,
465 5120 577 5176 eterno
592 5121 739 5193 supplicio
748 5124 904 5195 punireris,
918 5128 1037 5185 etiamsi

212 5215 267 5273 pre
277 5201 601 5265 christinominevivus
609 5209 809 5268 incendereris
821 5213 892 5272 :hoe
905 5218 1036 5274 estenim

211 5289 295 5360 qnod
307 5291 348 5348 ait
357 5293 526 5365 Apostolus,
535 5297 599 5353 lt'tsi
611 5297 944 5372 tradideroccrpasmsnm
954 5313 1037 5362 uter·

210 5377 296 5444 deem,
312 5380 565 5442 charitatemcutcm
573 5387 751 5457 nenbabsem,
765 5390 837 5446 nibil
845 5392 913 5449 mibi
916 5395 1033 5466 prodest.

211 5466 407 5542 lteroeaergo
424 5473 559 5531 animum
575 5474 613 5534 ad
627 5493 734 5536 sanam
752 5480 1033 5555 considerationem,

241 5618 249 5649 ¹
265 5616 329 5667 Edd
333 5624 507 5684 ,pauperibus
519 5628 612 5690 presit.

240 5678 315 5730 ¹lls.
328 5685 452 5747 quatuor,
467 5687 552 5739 ittam.

827 210 830 215 ·
867 187 896 243 S.
917 176 1110 242 AUGUSTINI
1130 177 1293 239 EPISCOPI

1883 178 1941 238 'tac

1108 307 1138 363 ιι
1151 303 1281 361 sobriam
1298 304 1525 376 cogitationem
1537 304 1655 361 attende
1664 303 1824 375 diligenter
1838 308 1941 363 utrum

1108 392 1147 450 ad
1161 408 1293 450 errorem
1309 399 1337 450 et
1352 394 1537 467 impletatem
1552 393 1679 460 voceris,
1707 399 1737 450 et
1762 400 1867 466 patere
1886 409 1942 467 pro

1107 481 1230 539 veritate
1245 481 1397 555 quaslibet
1414 481 1576 539 molestias.
1586 483 1614 539 Si
1627 487 1728 538 autem
1745 487 1776 538 tu
1794 481 1897 554 potius
1911 482 1941 539 in

1107 576 1306 644 emereatque
1317 571 1347 627 in
1358 572 1512 644 impietate
1528 573 1942 644 versarisquoautemvoca·

1107 659 1149 715 ris
1164 659 1205 716 ibi
1219 665 1264 716 cst
1280 660 1388 717 veritas
1403 667 1431 717 et
1444 661 1552 730 pietas,
1565 660 1638 733 quia
1653 660 1693 716 ibi
1713 667 1759 716 est
1773 660 1942 720 christiana

1108 748 1208 805 unitas
1223 753 1251 805 et
1264 749 1360 805 saneti
1378 750 1504 821 Spiritus
1522 748 1653 805 ebaritas
1669 748 1761 822 ;quid
1775 747 1879 806 adhue
1890 747 1942 806 tibi

1108 852 1175 893 esse
1191 837 1309 894 conaris
1329 837 1497 895 inimicust

1143 925 1170 981 ι.
1188 924 1257 983 idco
1269 927 1403 998 prestitit
1414 926 1619 984 misericordia
1633 925 1682 983 liei
1694 931 1725 983 ut
1737 931 1834 984 ctncs
1843 927 1941 1000 etapi-

1109 1015 1193 1087 secpi
1207 1016 1295 1071 vestri
1309 1020 1369 1072 tam
1386 1015 1533 1089 frequenti
1550 1030 1773 1088 numerosoque
1789 1021 1940 1073 mascula

1109 1103 1319 1175 Carthaginem
1327 1104 1605 1178 veniremus,atqne
1614 1105 1690 1162 inter
1698 1119 1751 1161 nos
1758 1103 1876 1177 deipsa
1885 1103 1936 1162 dis·

1109 1193 1249 1249 censione
1263 1193 1489 1251 ordinatissime
1515 1193 1730 1251 conferremus.
1752 1195 1847 1251 Gesta
1871 1209 1938 1251 ocn-

1109 1281 1939 1356 scriptasunt,nostraetiamsubscriptionestenentur3

1108 1369 1185 1440 lege,
1197 1370 1243 1427 vel
1256 1376 1358 1443 patere
1370 1375 1401 1427 ut
1411 1371 1464 1427 tibi
1479 1371 1627 1445 legantur,
1638 1375 1669 1427 et
1680 1375 1752 1428 tunc
1762 1369 1843 1443 elige
1857 1372 1939 1447 quod

1109 1458 1248 1516 volucris.
1256 1459 1362 1517 Audivi
1374 1459 1456 1534 quod
1467 1461 1575 1517 dixeris
1588 1476 1680 1533 posse
1690 1466 1717 1518 te
1728 1461 1894 1520 nobiseum
1904 1461 1939 1520 de

1109 1549 1181 1622 ipsis
1196 1550 1292 1608 Gestis
1307 1550 1422 1623 aliquid
1433 1566 1532 1622 agere,
1543 1552 1567 1607 si
1574 1552 1749 1609 omittamus
1758 1552 1858 1610 verba
1867 1553 1940 1627 epis·

1109 1652 1255 1709 ceperum
1273 1639 1508 1707 vestrorum,ubi
1522 1640 1826 1708 dixerunt,Nseccasa
1840 1658 1937 1709 casn,

1108 1743 1155 1784 sce
1166 1744 1282 1800 persone
1294 1744 1417 1801 pascae
1427 1729 1604 1802 praeiudicet.
1617 1730 1683 1787 tiree
1694 1730 1843 1788 serbavis
1856 1732 1940 1789 omit·

1108 1817 1277 1885 tamus,ubi
1285 1833 1338 1890 per
1347 1820 1685 1876 eosnsseientesveritas
1693 1819 1762 1891 ipsa
1771 1821 1936 1879 locutaest

1110 1904 1167 1963 Sed
1183 1910 1213 1962 tu
1226 1904 1360 1963 dicturus
1370 1923 1401 1963 es
1411 1907 1459 1964 hic
1471 1924 1524 1964 ecs
1535 1914 1694 1977 errassc,ct
1703 1905 1733 1966 hi
1746 1908 1862 1968 falsam
1875 1924 1938 1968 sea·

1108 1995 1231 2051 tentiam
1243 1995 1393 2052 incautius
1404 1996 1558 2053 cecidisse.
1569 2000 1734 2056 Ncsautem
1741 1998 1937 2057 dicimushcc

1108 2097 1160 2140 eos
1174 2099 1278 2140 verum
1293 2082 1413 2152 dixisse,
1421 2091 1448 2142 et
1457 2085 1514 2142 hoc
1520 2101 1574 2158 per
1580 2086 1709 2159 teipsum
1723 2086 1937 2162 iaeiliimepro·

1108 2171 1225 2228 bamus.
1241 2173 1269 2230 si
1281 2174 1361 2230 enim
1377 2173 1511 2246 episcopi
1536 2175 1626 2231 vestri
1641 2175 1726 2233 eiecti
1743 2175 1786 2233 ab
1800 2177 1936 2235 universa

1108 2265 1192 2333 parte
1205 2261 1321 2328 Donati,
1338 2261 1389 2335 qui
1404 2278 1529 2320 causam
1543 2264 1679 2321 omnium
1697 2266 1897 2330 sustinerent,
1911 2272 1936 2324 st

1109 2349 1133 2406 si
1156 2348 1229 2422 quid
1242 2351 1372 2420 egissent
1382 2356 1501 2421 gratnm
1517 2356 1547 2408 et
1558 2358 1716 2425 acceptum
1730 2355 1833 2411 catari
1844 2354 1936 2413 baba·

1107 2442 1183 2507 rent,
1196 2442 1297 2494 tamen
1312 2439 1343 2494 in
1358 2454 1395 2496 eo
1408 2439 1492 2512 quod
1517 2439 1583 2497 illos
1595 2445 1707 2499 temere
1722 2447 1751 2498 et
1776 2458 1841 2500 nou
1861 2448 1935 2500 reete

1108 2526 1218 2581 dixisse
1228 2527 1391 2590 arbitraris.
1407 2541 1466 2584 non
1480 2529 1524 2584 ris
1539 2534 1573 2584 ut
1583 2528 1633 2586 tibi
1648 2529 1852 2602 praeiudicant
1866 2548 1875 2599 ;
1890 2548 1934 2590 ss

1107 2630 1174 2671 rum
1186 2630 1257 2687 ergo
1268 2615 1416 2682 dixerunt,
1430 2618 1501 2689 quia
1511 2636 1559 2675 sce
1570 2636 1650 2676 rensc
1658 2636 1757 2683 causa,
1766 2637 1935 2694 secpsrscss

1106 2719 1229 2776 personae
1239 2705 1412 2776 prejudicat.
1429 2709 1460 2762 Et
1475 2707 1515 2763 ibi
1530 2708 1623 2765 debes
1635 2724 1813 2779 agnoscere,
1827 2710 1903 2784 quia
1914 2711 1937 2767 si

1107 2808 1238 2866 persona
1262 2798 1304 2850 tot
1316 2795 1527 2869 episcoporum
1543 2803 1663 2855 tuorum
1687 2798 1718 2855 in
1743 2797 1805 2855 illis
1821 2805 1934 2874 septem

1107 2881 1336 2938 constitutorum
1368 2898 1430 2940 non
1454 2887 1501 2941 ris
1525 2890 1557 2942 ut
1585 2886 1763 2957 praejudicet
1800 2903 1934 2961 persona

1108 2970 1214 3026 Donati
1236 2973 1478 3044 Mutugennensis
1503 2973 1682 3048 presbyteri,
1702 2982 1821 3049 quanto
1837 2977 1933 3037 minas

1107 3146 1179 3203 mali
1196 3146 1311 3221 aliquid
1323 3148 1355 3204 in
1370 3148 1420 3207 illo
1435 3155 1514 3207 esset
1528 3152 1693 3218 inventum,
1709 3153 1862 3213 universas
1874 3155 1932 3213 uni·

1107 3235 1160 3293 tati
1171 3235 1287 3304 Christi,
1307 3252 1376 3310 quse
1387 3254 1448 3295 non
1463 3241 1492 3295 in
1510 3256 1571 3298 una
1584 3241 1652 3299 villa
1665 3244 1852 3314 lutugenna
1862 3260 1931 3302 coa·

1106 3323 1246 3390 eluditur,
1263 3326 1316 3381 sed
1332 3330 1394 3383 toto
1411 3333 1555 3385 terrarum
1569 3329 1642 3387 orbe
1656 3329 1867 3389 diffunditari

1143 3412 1169 3468 8.
1186 3412 1244 3469 Sed
1255 3429 1324 3470 eeee
1335 3414 1463 3472 iacimus
1476 3417 1559 3491 quod
1573 3417 1692 3475 voluisti
1701 3420 1759 3487 ;sie
1768 3419 1929 3492 seeumsqi·

1105 3517 1182 3568 mus,
1194 3517 1229 3558 ac
1245 3503 1269 3558 si
1285 3519 1347 3559 non
1361 3504 1489 3562 dixerint
1500 3506 1601 3571 vestri,
1615 3509 1671 3565 Nec
1684 3526 1768 3565 ceusu
1778 3526 1929 3581 cassam

1102 3606 1215 3662 persone
1226 3607 1346 3664 pesona
1360 3593 1533 3665 prejudicat.
1545 3596 1692 3653 Tuinseui
1705 3598 1928 3671 quidiilidicerc

1102 3677 1271 3745 debuerint,
1287 3696 1356 3738 cnm
1370 3681 1412 3736 eis
1427 3681 1545 3753 obJeeta
1560 3689 1640 3741 esset
1652 3702 1744 3743 eausa
1761 3694 1792 3745 et
1803 3704 1929 3762 persam

1102 3766 1255 3834 Primiaui,
1268 3769 1320 3842 qui
1333 3768 1526 3828 damnatores
1541 3788 1613 3831 snos
1633 3778 1664 3830 et
1690 3775 1851 3835 damnavit
1863 3794 1927 3835 eum

1101 3852 1225 3926 catoris,
1241 3861 1269 3914 et
1291 3856 1453 3916 damnatos
1465 3875 1501 3916 ac
1513 3861 1672 3920 detestatos
1694 3864 1723 3920 in
1739 3881 1815 3925 suos
1827 3882 1925 3925 rursm

1100 3942 1375 4019 honoressuscepit,
1383 3952 1411 4004 et
1423 3947 1608 4020 baptismum
1619 3967 1710 4025 quem
1722 3956 1926 4015 mortuidcde

1101 4039 1168 4090 rant
1179 4035 1260 4109 (qnia
1271 4036 1405 4108 deipsis
1397 4054 1428 4093 m
1442 4037 1643 4111 illaprmelara
1656 4046 1806 4104 sententia
1816 4046 1924 4104 dietum

1099 4127 1163 4178 erat
1174 4122 1257 4195 quod
1272 4132 1440 4184 mortuoram
1459 4127 1604 4199 suscribsi
1615 4128 1759 4202 plescsist
1775 4133 1923 4210 tittcra[ls

1098 4209 1251 4283 cheitcsc
1263 4214 1411 4288 concitich,
1428 4231 1592 4287 agnoscere
1600 4218 1701 4290 potrus
1715 4226 1745 4278 et
1759 4228 1923 4297 acceptare,

1097 4314 1191 4371 quarn
1207 4302 1368 4360 exsufflare
1395 4310 1424 4361 et
1442 4306 1610 4364 rescindere
1636 4307 1754 4378 maluit,
1772 4316 1924 4386 totumque

1096 4385 1407 4463 dissolvitquodmale
1421 4392 1619 4465 intelligentes
1634 4397 1734 4454 dicere
1750 4399 1865 4467 soletis,
1876 4401 1925 4473 Ωιι

1096 4474 1255 4549 baptizatae
1276 4496 1294 4534 c
1313 4484 1452 4549 mortsc¹,
1469 4484 1536 4556 qaid
1553 4485 1700 4558 οιριοιιιιι
1714 4486 1923 4563 neumisque
1973 4496 1975 4501 '

1094 4565 1192 4634 (ticeli.
1208 4584 1309 4635 xxxiv,
1325 4574 1371 4639 ³0)
1385 4572 1441 4629 isi
1456 4587 1527 4643 ergo
1552 4589 1611 4630 non
1622 4575 1770 4645 dicerent,
1780 4578 1922 4637 Nscccsss

1092 4670 1191 4722 masa,
1208 4673 1253 4712 sse
1265 4675 1380 4730 parsurm
1392 4677 1516 4733 persone
1534 4664 1714 4735 praeiudicet,
1732 4668 1777 4725 rei
1794 4674 1923 4727 teneren-

1093 4744 1157 4802 tur
1150 4760 1181 4801 m
1195 4761 1289 4804 causa
1303 4748 1445 4806 Primiani
1461 4767 1467 4806 ε
1489 4768 1557 4808 enm
1583 4760 1685 4811 autem
1700 4754 1760 4812 hoc
1775 4759 1920 4824 dixerunt,

1091 4832 1258 4891 immunem
1274 4834 1406 4894 iecerunt
1433 4838 1597 4897 Ecclesiam
1622 4842 1820 4913 catholicam,
1849 4846 1920 4904 sient

1090 4936 1147 4977 uos
1159 4923 1381 4996 asserebamus,
1397 4942 1415 4983 a
1428 4942 1520 4984 causa
1533 4929 1693 4988 Caeciliani.

1125 5011 1154 5066 s.
1175 5012 1231 5068 Sed
1238 5019 1344 5072 caetera
1358 5014 1548 5086 lege,esetera
1562 5017 1685 5075 discute.
1700 5021 1765 5078 vite
1776 5028 1877 5081 utram
1890 5024 1917 5081 in

1090 5096 1189 5169 ipsum
1203 5101 1402 5172 cecilianum,
1421 5104 1458 5161 de
1471 5106 1559 5179 enjus
1572 5122 1701 5180 persona
1723 5113 1920 5184 prejudicare

1089 5187 1279 5247 conabantur
1294 5193 1438 5257 Ecclesia.
1454 5195 1569 5268 aliquid
1584 5195 1655 5255 mali
1669 5199 1802 5270 prob-are
1817 5206 1919 5275 potue·

1089 5275 1157 5332 rint.
1178 5278 1247 5333 Vide
1263 5285 1360 5336 utrum
1377 5297 1435 5338 non
1459 5285 1559 5355 potius
1571 5285 1660 5342 etiam
1681 5303 1733 5359 pro
1752 5289 1805 5347 illo
1829 5291 1919 5348 multa

1088 5366 1919 5453 egerintutpluribuslectionibusquaseontrassprotu-

1087 5451 1221 5512 leruutet
1235 5456 1444 5526 recitaverunt,
1452 5476 1575 5518 ceresam
1590 5464 1656 5535 ejus
1667 5464 1783 5525 bonam
1798 5470 1919 5526 omnino

1119 5579 1127 5611 ¹
1142 5577 1206 5629 lire
1199 5593 1227 5630 m
1239 5581 1284 5631 sul
1321 5582 1355 5633 tis
1366 5584 1536 5649 interiectum
1548 5590 1755 5642 eststttcrasst
1755 5594 1844 5659 asqit,
1854 5608 1918 5644 us·

1087 5642 1168 5695 ιιιιιιι,
1162 5643 1289 5765 ,quoda
1272 5648 1348 5696 aest
1363 5647 1451 5698 alise.
1465 5606 1914 5721 sevemabouausttsprsts'suttti

1090 5702 1185 5756 soleba
1224 5719 1267 5761 ex.
1287 5707 1334 5761 lib.
1348 5708 1504 5770 litetrsct..
1518 5726 1542 5765 c.
1558 5712 1599 5772 ti,
1613 5714 1683 5766 n..t
