3952 6128
200 125 253 184 tta

199 251 342 326 quocirca
350 250 413 323 J‘am
424 253 545 321 tempus
555 252 670 318 esseut
679 246 730 321 qni
740 263 800 306 non
814 265 845 306 se
856 250 968 307 audent
978 265 1027 305 ne-

199 355 270 412 gare
287 338 480 401 christianos,
491 334 658 391 secuudum
674 336 973 394 Christiroluntatem
987 337 1027 393 vi·

200 445 269 485 vere
284 428 439 499 incipiant,
451 431 483 479 ut
496 441 532 480 ea
545 440 612 497 qum
629 429 659 481 ut
674 432 773 482 essent
785 427 938 483 christiani
954 441 1028 482 con-

199 532 285 573 cesse
299 521 379 578 sunt,
394 530 462 568 cum
476 515 485 549 ¹
500 513 651 570 christiani
669 520 748 578 sunt,
765 523 954 588 respuantur.

236 606 280 659 lb.
301 602 412 657 Deinde
424 601 636 657 hortatussnm
652 609 683 658 ut
695 605 963 660 transmarinarum
978 606 1028 660 lic-

199 691 369 756 elesierum,
384 688 535 763 inquibus
546 690 654 762 partim
672 690 857 764 istarecepte
868 708 1027 765 nunquam

201 785 281 847 sunt,
291 781 469 854 partimjem
480 795 533 851 per
543 779 641 837 bonos
652 786 778 837 rectores
787 781 900 854 populo
913 781 1029 839 obtem·

201 875 325 943 perante
337 873 469 926 correcta
486 868 539 940 (a),
558 868 723 926 imitatores
747 885 812 926 esse
824 868 980 926 vellemus.
996 872 1029 927 El

202 958 1029 1032 quoniamdebasilicabeatiapostoliPetri,qrrotidianee

202 1048 372 1104 vinolentia
382 1047 607 1120 proterebantur
618 1049 759 1121 exempla
774 1048 814 1119 ib)
832 1047 915 1116 ;diri
931 1049 1028 1120 primo

203 1137 323 1193 audisse
338 1153 394 1193 nos
404 1153 559 1209 smpeesse
570 1136 764 1208 prohibitum,
776 1138 827 1193 sed
843 1137 1030 1210 quodremo-

203 1231 251 1284 tus
267 1227 293 1283 si
306 1226 390 1282 locus
405 1226 444 1283 ab
457 1227 590 1298 episcopi
603 1227 841 1293 conversatione,
857 1231 887 1281 et
901 1225 931 1283 in
947 1231 1031 1283 tanta

202 1315 320 1372 civitate
334 1316 489 1385 magnasit
502 1314 668 1371 carnalium
681 1314 851 1381 multitudo,
865 1315 1030 1387 peregrinis

202 1405 379 1477 praesertim,
395 1404 447 1476 qui
463 1404 530 1460 novi
546 1404 674 1459 subinde
685 1404 810 1461 veniunt
821 1411 905 1461 tento
921 1403 1031 1460 violen-

203 1493 272 1559 tius,
282 1501 396 1566 quanto
405 1494 540 1551 inscitius
553 1493 636 1550 illam
648 1493 895 1550 consuetudinem
904 1494 1031 1549 retinen·

203 1583 295 1649 tibus,
318 1589 379 1640 tam
402 1584 566 1639 immanem
593 1588 707 1654 pestem
722 1583 859 1638 nondum
879 1589 1029 1654 compesci

203 1670 1032 1745 sedariquepotuisseverumtemennossiPetrumapos-

204 1760 297 1817 tolum
309 1761 538 1826 honoraremus,
553 1759 662 1816 dehere
676 1763 823 1832 praecepta
835 1760 900 1831 ejus
915 1760 1030 1826 audire,

204 1854 233 1906 et
250 1850 345 1907 multo
360 1849 496 1906 devotius
510 1848 673 1922 Epistulam
687 1850 717 1905 in
729 1865 791 1921 qua
806 1849 946 1905 voluntas
965 1849 1032 1920 ejus

203 1944 340 2011 apparet,
356 1954 449 2012 quarn
463 1937 620 1995 basilicam
641 1938 669 1994 in
685 1953 746 2011 qna
760 1952 820 1994 nou
836 1947 972 2010 apparet,
990 1938 1032 1992 in-

208 2029 282 2084 tueri
300 2050 305 2094 ;
321 2027 482 2100 statimqne
495 2031 617 2100 accepto
630 2028 732 2083 codice
748 2026 871 2083 recitari
897 2027 947 2083 nbi
961 2028 1001 2083 ait
1023 2045 1030 2081 :

208 2117 327 2173 Obristo
339 2117 415 2174 enim
429 2133 514 2186 possa
527 2116 669 2186 pronubis
680 2132 734 2185 per
747 2130 877 2183 caraea,
889 2122 917 2173 et
926 2131 1034 2173 oosea·

206 2205 1032 2279 demcagitaticuearmemini;qaiaqaipossusertcarrae,

207 2296 292 2352 desiit
305 2310 428 2360 aearue,
442 2303 474 2350 at
483 2297 548 2365 ium
563 2311 622 2351 uon
638 2295 790 2351 bominum
804 2295 970 2362 desideriis,
986 2297 1035 2350 sed

208 2386 360 2442 voluntate
372 2386 426 2441 Dei
436 2385 583 2456 reticeam
597 2386 753 2453 tempusirr
767 2400 859 2440 carne
872 2384 1036 2453 viscissi-

206 2474 269 2542 ficit
280 2473 356 2530 enim
369 2474 448 2529 uobis
456 2474 642 2543 preteritum
654 2479 769 2542 tempus
778 2475 930 2530 voluntate
945 2473 1036 2531 boati·

209 2651 359 2713 ebrietate.
373 2649 629 2707 comessationibus
637 2656 664 2707 et
672 2650 813 2718 nefandis
822 2650 964 2706 idotoram
977 2666 1036 2707 ser·

210 2739 520 2811 vitatibusttPetruv,
538 2740 605 2811 1-3).
622 2739 735 2805 Quibus
747 2738 846 2809 gestis,
854 2755 1036 2795 comumnes

212 2843 273 2884 nno
290 2829 394 2884 animo
414 2829 443 2884 iu
463 2828 576 2884 honam
595 2828 780 2884 voluntatem
803 2828 845 2884 ire
864 2833 1036 2899 contempta

210 2916 514 2974 melacoasuetudiue
525 2933 688 2986 cernerem,
701 2917 836 2973 hortatus
848 2932 915 2972 sum
930 2921 961 2972 ut
977 2933 1037 2972 me·

210 3005 328 3064 ridieno
341 3006 591 3078 temporedivinis
600 3005 776 3063 lectionibus
787 3011 815 3061 et
827 3005 953 3079 psalmis
964 3008 1036 3062 inte·

211 3100 325 3153 ressent
356 3111 363 3161 ;
390 3096 430 3151 ita
454 3094 537 3151 illum
558 3095 638 3151 diem
659 3094 752 3151 multo
779 3095 922 3150 mundius
946 3102 1036 3167 etque

210 3184 353 3240 sincerius
366 3183 480 3256 placere
491 3182 705 3240 celebrandum
720 3201 729 3254 ;
747 3187 775 3240 et
788 3190 867 3240 certe
879 3184 916 3239 de
938 3183 1036 3239 multi·

210 3273 313 3328 tudine
334 3272 574 3329 convenientium
590 3271 675 3328 facile
698 3286 789 3343 posse
804 3287 961 3344 apparere,
983 3273 1036 3345 qui

210 3367 352 3428 mentem,
368 3367 396 3416 et
410 3361 462 3433 qui
475 3366 608 3417 ventrem
619 3366 801 3433 sequeretur.
820 3361 862 3417 lte
872 3359 954 3417 lectis
970 3377 1036 3418 om·

210 3450 301 3506 nibus
314 3465 413 3505 sermo
430 3449 606 3506 terminatus
623 3454 679 3506 est.

246 3537 612 3595 tt.Pomeridianoautem
623 3537 681 3604 die,
692 3538 887 3611 maiorquam
900 3545 1035 3594 anteme-

209 3625 316 3682 ridiem
336 3624 422 3683 alluit
434 3625 605 3695 multitudo,
623 3631 652 3682 et
669 3642 764 3698 nsque
776 3631 786 3663 ¹
797 3626 836 3682 ad
851 3625 958 3682 horam
973 3642 1036 3698 qua

211 3730 280 3771 cum
292 3714 658 3787 episcopoegrederemur,
665 3713 821 3786 legebatur
827 3714 998 3770 alternatim
1007 3719 1036 3772 et

211 3802 1035 3878 psallebatur3nobisqueegressisduopsalmilectisunt.

213 3893 323 3950 lteinde
338 3909 386 3949 me
405 3892 541 3959 invitum,
562 3895 613 3965 qui
625 3895 688 3965 jam
705 3893 864 3965 cupiebam
882 3899 1035 3965 peractum

212 3998 279 4038 esse
288 3988 349 4038 tam
361 3981 660 4054 periculosumdiem‚
667 3982 784 4055 jussum
793 3982 1036 4054 compulitsenex

213 4070 1035 4142 utaliquideisloquerer(c).Habuibrevemsermonem,

212 4174 274 4232 quo
289 4159 399 4229 gratias
419 4173 540 4228 egerem
557 4161 625 4214 lieo.
644 4161 675 4214 ur
687 4158 871 4230 qnoniamin
886 4159 1038 4218 haeretico·

243 4304 250 4335 ι
265 4301 323 4356 hle..
341 4300 394 4364 eci.
409 4298 486 4350 Forte
498 4299 522 4349 le
544 4300 631 4365 ,quia

243 4367 252 4398 ¹
266 4363 308 4413 Sic
318 4377 349 4412 ex
362 4363 423 4436 bles.
440 4313 573 4434 [cepaea
614 4425 618 4435 Ι
922 4427 928 4437 .

241 4423 556 4487 (cthmbrosrumleudat
566 4423 795 4479 inimicantem.
811 4439 834 4476 c.
849 4427 873 4481 2.
883 4440 930 4490 qur
940 4426 1037 4477 lledio·

210 4487 384 4539 leuicihosad
396 4492 552 4538 sanctorum
560 4489 703 4538 memorias
713 4489 800 4538 etierri
807 4493 931 4549 vetuerit,
943 4493 973 4539 ιιι
985 4508 993 4534 ι
1003 4504 1036 4541 ne

212 4569 225 4596 ι
240 4551 295 4600 ulle
312 4552 416 4600 occasio
434 4563 463 4599 se
479 4549 662 4614 ingurgitandi
673 4550 781 4601 daretur
792 4551 912 4607 ebriosis,
931 4555 957 4602 et
973 4553 1037 4616 quia

211 4613 283 4685 «illa
294 4613 389 4723 'lium
405 4613 561 4676 parentalia
576 4614 760 4677 superstitioni
784 4613 928 4663 Gentilium
946 4618 1037 4664 essent

211 4689 300 4724 esrmr
323 4688 388 4728 rme.
409 4692 423 4722 s

241 4737 278 4798 (b)
292 4736 479 4786 Pammachius
488 4737 515 4785 in
527 4736 682 4787 uxoriesuee
696 4737 811 4788 Paulina
824 4737 916 4788 lunare
929 4752 975 4794 an.
988 4739 1036 4788 cir·

210 4799 276 4849 citer
291 4800 348 4857 397,
362 4799 525 4863 profusiores
539 4799 632 4864 epulas
646 4799 808 4865 pauperihus
820 4802 847 4850 in
865 4800 890 4851 S.
909 4801 979 4850 Petri
992 4802 1036 4850 he·

211 4861 286 4933 silice
309 4862 468 4925 apposuisse
485 4861 611 4934 laudetur
626 4876 642 4911 a
658 4862 768 4912 Paulino
783 4866 809 4913 in
827 4863 904 4927 epist.
921 4863 955 4913 ad
973 4877 1035 4913 eum

210 4927 318 4987 scripte,
334 4924 406 4987 apud
423 4923 565 4973 Paulinum
580 4924 704 4974 illustrat.
720 4939 782 4988 pag.
801 4927 841 4981 aa,
854 4927 893 4974 30.

242 4989 273 5048 (ct
284 4987 313 5035 ln
326 4999 450 5036 sermone
463 4987 509 5034 252
524 4986 567 5047 (de
582 4986 687 5036 duabus
699 4990 814 5051 piscati,
827 5001 849 5037 c.
867 4990 889 5035 t.
907 5004 920 5033 e
935 4988 963 5036 ln
974 4987 1034 5042 ista,

211 5066 224 5093 ι
241 5050 338 5113 iuquit,
358 5050 474 5105 civitate,
497 5047 591 5098 tratres
612 5049 674 5105 mei,
698 5063 789 5099 nonne
806 5051 907 5113 experti
931 5063 1036 5106 sumus,

211 5112 313 5177 «quod
329 5111 487 5161 recordatur
510 5111 650 5161 uobiscum
670 5113 802 5163 Sanctitas
817 5117 914 5168 vestra,
933 5115 1034 5176 quanto

211 5190 224 5221 e
239 5174 470 5284 B⁰⁹³⁰¹¹i¹ie⁰⁰⁸tw
483 5172 518 5285 (ιᾱι
531 5177 582 5248 ista
597 5173 889 5286 basilicaehriositetes
905 5174 1037 5237 expulerit

211 5253 231 5368 ἶ,
239 5249 504 5350 hibiscumogrttlsieste»
512 5240 577 5372 mle]
579 5248 811 5348 1vlgreligianigr'rnelire
813 5237 1037 5372 nsmmoezglenbtagttrlr

211 5314 1036 5489 tttdttttittttttqttttttittttttdttttttttd

212 5484 478 5595 ῗὲιῶιέιιοιιιιιιιιιιι
488 5487 576 5552 inque
587 5491 663 5537 erant
675 5503 688 5534 ι
702 5485 780 5536 multi
790 5490 953 5552 spectatores
963 5489 1037 5537 thea-

318 5581 324 5594 .
336 5563 350 5594 1

833 124 863 181 S.
884 122 1076 182 ubuusrtut
1098 123 1260 183 EPlSCOPl

1079 264 1147 305 rum
1157 248 1282 306 basilica
1294 249 1495 308 audiebamus
1508 248 1548 306 eb
1559 249 1601 305 eis
1612 248 1699 307 solitu
1711 248 1852 306 convivia
1861 265 1912 306 ce·

1080 337 1205 406 lebrata,
1222 355 1290 395 cum
1301 339 1412 405 adhuc,
1428 340 1519 395 etiam
1534 354 1569 394 eo
1583 339 1650 409 ipso
1665 344 1800 411 tempore
1813 354 1876 411 qno
1891 355 1911 395 a

1081 427 1168 484 nohis
1179 429 1234 484 ista
1244 428 1436 498 gerebantur,
1458 428 1497 483 illi
1519 428 1547 483 in
1563 427 1678 500 poculis
1696 428 1909 500 perdurarent,

1081 516 1141 572 dixi
1151 517 1206 572 diei
1218 517 1472 588 pulchritudinem
1482 517 1577 572 noctis
1589 516 1913 588 comparationedeco·

1081 605 1149 676 rari,
1163 610 1191 661 ct
1206 603 1336 661 colorem
1357 605 1521 661 candidum
1537 605 1613 677 nigri
1628 604 1780 661 vicinitate
1795 605 1910 676 gratio·

1081 708 1145 749 rem
1160 693 1219 759 ;ita
1231 699 1365 750 nostrum
1379 692 1542 766 spiritualis
1555 692 1764 750 celebrationis
1777 709 1913 751 conven-

1083 781 1913 853 tumminusiortesseluturumtuissejucundummisiex

1083 870 1142 929 ulie
1158 877 1240 942 parte
1256 871 1386 928 carnalis
1397 872 1589 944 ingurgitatio
1602 871 1795 938 conterretur,
1812 872 1914 929 horta·

1083 964 1191 1033 iusque
1202 977 1268 1016 sum
1281 963 1313 1016 ut
1324 960 1397 1017 tales
1408 960 1513 1032 epulas
1528 959 1672 1018 instanter
1685 965 1871 1032 appeterent,
1886 959 1911 1017 si
1968 950 1971 955 ’

1084 1055 1352 1122 gustasseutqnam
1364 1050 1465 1105 suavis
1481 1048 1685 1121 estiDominus
1707 1067 1714 1116 ;
1730 1048 1788 1105 illis
1811 1055 1913 1106 autem

1083 1154 1149 1194 esse
1163 1139 1372 1209 metuendum,
1386 1139 1437 1211 qui
1453 1143 1598 1211 tanquam
1611 1138 1742 1210 primum
1757 1142 1912 1195 sectentur

1084 1226 1168 1299 quod
1188 1226 1354 1297 aliquando
1369 1227 1548 1297 destruetur,
1566 1243 1635 1281 cum
1655 1227 1783 1300 quisque
1807 1242 1912 1283 comes

1084 1314 1229 1371 efficietur
1244 1315 1309 1385 ejus
1326 1316 1365 1371 rei
1379 1331 1471 1388 quam
1491 1317 1568 1380 colit,
1592 1315 1797 1387 insultaritque
1813 1320 1912 1388 Apos-

1084 1404 1162 1459 tolus
1176 1404 1283 1460 taiibus
1293 1405 1406 1471 dicens,
1420 1421 1546 1477 qaorum
1560 1404 1637 1460 Deus
1648 1410 1749 1461 uenter
1760 1404 1910 1475 (Philipp.

1085 1507 1126 1557 ιιι,
1144 1496 1196 1561 ιιι,
1209 1492 1367 1549 cumidem
1382 1492 1440 1550 alio
1452 1493 1517 1549 loco
1533 1494 1659 1549 dixerit:
1676 1493 1753 1550 lisca
1768 1496 1866 1551 uentri
1885 1500 1913 1551 et

1085 1587 1187 1638 uenter
1200 1583 1271 1638 escis
1283 1595 1295 1653 ;
1308 1582 1387 1639 Deus
1399 1585 1531 1639 autemst
1544 1583 1624 1640 baua
1633 1589 1659 1638 et
1669 1582 1742 1639 ittae
1752 1582 1912 1640 evacuabit

1085 1670 1107 1743 (l
1120 1669 1187 1727 Cor.
1200 1687 1237 1738 tv,
1252 1675 1303 1742 ta).
1315 1672 1375 1727 Nos
1385 1672 1672 1745 proinde¹oporterc
1682 1671 1713 1728 id
1725 1671 1812 1744 sequi
1827 1671 1914 1745 quod

1085 1753 1914 1833 nouevacuatur,quodr'emotissimumecarnisaffectu

1086 1847 1207 1921 spiritus
1222 1848 1459 1906 sanctificatione
1478 1849 1622 1906 retinetur
1642 1854 1754 1922 ;atque
1777 1849 1808 1904 in
1832 1849 1913 1905 hano

1086 1938 1274 2004 sententiam,
1287 1954 1342 2011 pro
1357 1943 1500 2011 tempore,
1518 1954 1588 1994 cnm
1612 1955 1648 1995 ee
1667 1954 1735 2011 quie
1765 1939 1913 1995 Dominus

1088 2041 1248 2098 suggerere
1258 2028 1400 2099 dignatus
1411 2033 1456 2084 est
1471 2028 1550 2084 dicta
1565 2034 1674 2094 essent,
1691 2031 1758 2085 ecta
1770 2032 1841 2084 snut
1851 2044 1916 2084 res·

1087 2115 1281 2187 pertiuaquas
1294 2117 1426 2189 quotidie
1436 2117 1542 2186 solent,
1556 2116 1784 2190 nobisquecum
1799 2120 1915 2189 episco-

1089 2205 1354 2276 porecedentihns.
1367 2204 1472 2262 tratres
1483 2206 1820 2279 eodemlocohymnum
1834 2207 1917 2263 dixe·

1087 2298 1168 2357 runt,
1183 2309 1244 2349 non
1260 2309 1353 2367 parra
1364 2294 1551 2350 multitudine
1566 2295 1721 2367 utriusque
1732 2295 1795 2367 (αι’
1811 2295 1851 2351 ad
1863 2294 1918 2351 ob-

1088 2388 1241 2438 scuratum
1255 2383 1334 2439 diem
1347 2390 1486 2440 manente
1502 2390 1591 2456 atque
1612 2383 1767 2454 psallente.

1127 2477 1169 2529 tt.
1191 2472 1304 2539 Digessi
1320 2472 1405 2528 vohis
1424 2478 1573 2545 quantum
1584 2472 1714 2529 breviter
1725 2473 1816 2545 potui,
1832 2473 1916 2546 quod

1089 2578 1143 2618 ros
1153 2561 1257 2618 audire
1267 2561 1453 2618 desiderasse
1464 2562 1740 2634 quisdubitarerit?
1752 2561 1839 2618 Orate
1854 2567 1886 2618 ut
1898 2579 1917 2619 a

1090 2651 1247 2707 conatibus
1262 2652 1370 2707 nostris
1384 2650 1488 2707 omnia
1502 2652 1647 2707 scaudala
1662 2656 1690 2707 et
1711 2653 1812 2708 omnia
1829 2652 1917 2709 tedia

1090 2742 1167 2796 Dens
1177 2739 1463 2808 digneturavertere.
1476 2742 1583 2810 Magna
1594 2756 1665 2796 sane
1678 2755 1714 2796 ex
1726 2740 1917 2812 parterobis·

1090 2828 1918 2902 cumrequiescimuscnmalacritateiervoris,quiaspi·

1090 2916 1205 2973 ritualis
1221 2915 1357 2973 Ecclesia
1371 2916 1617 2987 thagastensium
1633 2923 1692 2973 tem
1707 2917 1813 2973 crebra
1827 2916 1917 2974 nobis

1089 3004 1916 3064 donanuntiantur.Naviscumtratrihnsnondumvenit.

1089 3094 1178 3167 Apud
1188 3095 1320 3152 llasnem
1332 3094 1353 3164 ⁸,
1366 3094 1418 3151 ubi
1431 3100 1477 3151 est
1489 3094 1644 3168 presbyter
1657 3093 1746 3151 freter
1756 3094 1916 3165 argentius

1089 3182 1347 3239 Circumcelliones
1380 3183 1557 3239 invadentes
1589 3183 1747 3240 basilicam
1780 3187 1916 3240 nostram

1089 3271 1442 3329 altarecomminuerunt.
1459 3275 1555 3329 Causa
1569 3287 1650 3329 nuuc
1665 3273 1762 3344 egitur
1779 3288 1786 3339 ;
1803 3288 1871 3345 quer
1885 3275 1916 3329 ut

1088 3366 1194 3434 pacate
1208 3367 1314 3432 agatur
1323 3366 1353 3419 et
1368 3366 1399 3417 ut
1408 3360 1571 3418 Ecclesiam
1582 3361 1760 3417 catholicam
1770 3361 1866 3427 decet,
1878 3360 1916 3417 ed

1088 3450 1305 3522 opprimendas
1318 3450 1592 3520 linguashoereseos
1605 3450 1774 3523 impacatae,
1786 3449 1915 3507 multum

1089 3555 1141 3596 ros
1149 3540 1285 3612 petimus
1307 3547 1338 3595 nt
1352 3540 1451 3596 oretis.
1475 3539 1635 3612 Epistulam
1654 3538 1805 3598 Asiarchae
1832 3539 1917 3597 misi·

1088 3644 1166 3685 mna.
1187 3628 1363 3695 Beatissimi,
1383 3630 1578 3702 perseveretis
1598 3631 1628 3685 in
1649 3629 1785 3696 liomino,
1802 3644 1916 3686 memo·

1088 3735 1136 3776 ree
1146 3718 1250 3776 nostri.
1266 3725 1370 3776 Amen.

1335 3809 1502 3867 aristote
1518 3809 1585 3864 xxx
1601 3808 1669 3882 ’(ὁ).

1089 3899 1238 3958 Paulinus
1249 3898 1430 3968 Augustino,
1451 3914 1510 3954 raon
1526 3904 1643 3968 recepto
1658 3898 1694 3954 ab
1713 3912 1746 3955 eo
1761 3912 1914 3968 responso,

1312 3987 1409 4044 durau
1420 4003 1476 4057 per
1491 3987 1564 4044 aiios
1577 3987 1690 4043 scribit.

1091 4077 1216 4133 Domino
1227 4077 1323 4148 fratri
1342 4082 1446 4133 sancto
1460 4080 1487 4132 et
1506 4079 1649 4133 unaaimo
1664 4082 1831 4143 suanense,
1846 4079 1917 4134 Pru·

1277 4165 1354 4205 ciuus
1368 4154 1395 4205 et
1408 4150 1551 4204 insessis
1569 4152 1738 4217 peccatores

1129 4242 1153 4293 t.
1165 4230 1360 4303 iamdudum,
1368 4238 1467 4307 frater
1476 4238 1508 4293 ia
1523 4236 1644 4293 Christo
1656 4238 1781 4293 Domino
1793 4238 1835 4292 mi
1843 4253 1918 4296 aaa·

1091 4327 1179 4394 aime,
1195 4334 1228 4383 ut
1243 4333 1271 4385 te
1284 4327 1316 4383 ia
1328 4327 1435 4383 sanctis
1445 4334 1472 4382 et
1486 4327 1541 4397 piis
1555 4326 1706 4382 laboribus
1717 4326 1775 4382 tais
1787 4328 1919 4384 nesciera-

1091 4424 1147 4473 tcat
1163 4415 1277 4487 aquom,
1292 4416 1498 4487 absentemque
1513 4414 1584 4479 aidi,
1602 4422 1662 4471 tota
1677 4422 1774 4471 merite
1789 4417 1917 4488 compte·

1089 4521 1157 4577 aas,
1173 4505 1304 4577 alwquio
1318 4520 1434 4577 qaoque
1449 4505 1601 4573 subtiliari
1615 4507 1703 4575 atque
1713 4507 1850 4576 traterac
1863 4520 1919 4575 per

1091 4595 1205 4652 litteras
1217 4594 1324 4650 audire
1340 4593 1503 4663 properavi
1518 4593 1540 4646 ⁸.
1561 4594 1600 4649 Ει
1615 4593 1701 4650 credo
1720 4595 1752 4647 irr
1769 4609 1873 4659 merua,
1890 4599 1918 4650 et

1089 4684 1122 4739 in
1136 4683 1237 4754 gratia
1249 4682 1369 4738 Domini
1378 4696 1540 4738 sermonem
1552 4697 1647 4738 meam
1661 4681 1702 4736 ad
1710 4686 1736 4736 te
1746 4681 1842 4751 [uisse
1850 4697 1917 4752 per·-

1090 4775 1204 4837 tatum;
1218 4772 1269 4828 sed
1278 4770 1520 4827 moranteedbuc
1532 4785 1625 4839 puero
1641 4786 1725 4842 qriem
1736 4770 1777 4827 ad
1792 4777 1817 4826 te
1827 4772 1917 4828 ctior-

1089 4877 1146 4936 que
1157 4862 1280 4919 dilectos
1289 4876 1370 4933 aque
1379 4860 1440 4917 Deo
1449 4860 1636 4924 saturandos,
1650 4869 1718 4916 aute
1726 4859 1849 4918 hiemem
1860 4861 1918 4918 mi·

1121 4987 1128 5016 ¹
1141 4985 1183 5036 Sic
1195 4985 1339 5048 legendum
1351 4984 1493 5049 [evacuabit
1506 5000 1515 5030 :
1527 4982 1661 5047 prtiiudeJ.

1119 5051 1129 5083 ¹
1143 5048 1219 5098 Forte
1236 5047 1380 5112 legendum
1396 5061 1483 5109 aequa

1119 5111 1201 5166 ⁸lis..
1216 5111 1321 5160 Asnam.

1121 5173 1222 5223 ‘Forte
1238 5171 1304 5233 Leg.
1321 5172 1394 5221 odire
1409 5171 1560 5234 properavi.

1119 5236 1219 5285 'liena
1232 5236 1415 5285 recensuimus
1425 5232 1458 5281 ad
1472 5247 1496 5282 a.
1513 5231 1557 5295 bg.
1574 5232 1609 5283 hl.
1622 5232 1667 5283 hu.
1684 5246 1708 5283 c.
1723 5246 1763 5284 cc.
1780 5231 1810 5287 ll.
1829 5247 1856 5297 g.
1870 5248 1915 5298 gr.

1091 5298 1110 5347 '.
1126 5312 1152 5348 n.
1165 5312 1187 5347 r.
1202 5311 1226 5347 s.
1242 5297 1280 5346 sb.
1302 5300 1321 5346 t.
1347 5310 1386 5345 vc.
1400 5295 1444 5343 vd.
1456 5295 1525 5344 dnos
1541 5308 1568 5346 e.
1583 5299 1697 5358 ‹ruatnor
1715 5308 1740 5344 v.
1758 5298 1784 5345 et
1795 5294 1830 5347 ed
1842 5298 1915 5358 Am„

1120 5359 1345 5483 (α”ἓὲιιὲὲζιιιι
1358 5434 1440 5469 sacua

1120 5485 1145 5547 (b
1171 5483 1228 5534 lilia
1243 5485 1273 5532 33
1294 5497 1376 5548 :quse
1392 5487 1483 5534 autem
1508 5483 1539 5532 3⁰
1558 5487 1624 5546 eret,
1642 5496 1715 5534 nunc
1735 5483 1790 5533 itt.
1811 5482 1918 5548 Scripta

1087 5546 1159 5597 circa
1168 5546 1239 5598 idem
1254 5550 1367 5613 tempus.
