3952 6128
112 126 169 205 us
741 139 994 208 armaturae
1011 139 1157 209 aalma
1174 151 1210 212 11.
1757 138 1824 209 “its

110 272 199 347 psius
215 272 451 348 dispensatoriam,
470 274 515 332 ced
539 292 639 343 numm,
661 281 687 334 et
711 292 751 333 me
775 275 944 350 nonfdebsrs
994 278 1174 347 suetudinem,
1194 278 1289 338 corias
1300 264 1627 353 ponereespianationes,
1647 282 1679 334 ut
1695 292 1709 335 e
1727 278 1824 336 multis

111 364 207 421 docere
220 364 399 434 mastacium,
412 365 457 421 sed
476 365 604 422 uniuersa
617 383 677 439 quse
689 368 795 439 scripta
806 374 880 435 sunt,
899 367 941 424 ito
993 374 1124 440 sequatur
1134 370 1314 443 unusquisque
1328 368 1397 442 quod
1415 368 1491 424 oclil.
1507 367 1583 435 Quod
1596 367 1703 439 quidem
1718 373 1743 424 te
1757 372 1823 439 puto

109 470 209 511 maore
220 455 366 526 sescupla
378 460 454 510 sunt.
469 454 513 510 Ad
524 471 583 528 qua
594 458 715 528 primum
728 455 882 528 respondeo,
898 455 941 512 dc·
993 462 1020 512 et
1038 457 1068 512 in
1079 457 1208 514 seculari
1221 459 1394 530 litteratura,
1411 465 1436 513 et
1450 457 1481 512 in
1492 456 1599 512 divinit
1608 455 1703 512 Libris
1717 456 1820 528 leqisse,

110 540 941 616 tuimprutenrtamtuanprasattuncutumnnaneariarum
993 553 1017 601 et
1034 544 1169 619 probatos.

109 648 233 690 moonm
247 632 406 700 meminisse,
425 632 541 690 dicentis
556 651 590 690 eu
607 651 722 707 persono
738 651 818 691 mea:
833 654 848 688 e
868 633 941 702 Quid
1029 639 1055 692 b.
1071 634 1149 692 Hanc
1160 643 1250 693 autem
1267 635 1498 708 explanationem,
1512 651 1592 708 quam
1605 634 1712 706 primus
1727 634 1821 706 Oriqe·

110 719 283 799 iqiturteqo
295 721 619 789 stultusactemerarias,
633 726 681 797 qui
693 724 723 780 id
734 723 941 797 pollicearquod
993 740 1038 780 nee
1052 724 1082 780 in
1090 725 1191 782 maimo
1200 726 1363 783 stromatum
1375 723 1456 789 libro,
1465 722 1511 779 ubi
1523 723 1678 797 Epistulam
1690 723 1774 779 Pauli
1786 721 1823 778 ad
1899 723 1902 726 ’

109 808 161 869 itte
174 810 482 883 mnpomntttsnene:
495 814 562 885 quin
571 814 665 886 potius
678 814 707 869 ln
719 829 759 878 eo,
774 821 804 870 ut
818 813 890 869 mili
897 815 941 869 oi-
994 811 1105 870 Galatae
1122 815 1334 887 interpretatur,
1356 822 1380 871 et
1403 812 1495 869 cateri
1513 812 1638 883 deinceps
1658 813 1821 883 interpretes

107 897 384 974 deor,cautioratque
392 901 526 968 timidior,
537 903 607 976 quod
616 903 824 960 imbecillitatem
835 903 939 960 uirium
991 909 1054 958 sunt
1065 903 1159 970 secuti,
1177 903 1228 960 illa
1244 902 1284 960 ael
1299 903 1416 960 maxime
1434 918 1515 958 cauea
1533 901 1769 966 subintroducunt,
1789 907 1819 958 ut

109 1003 234 1045 marum
244 989 370 1057 urtinse,
386 989 513 1063 Oriqenis
524 993 729 1049 commentarios
745 999 850 1049 secutus
867 1009 936 1050 suna
991 991 1147 1064 i'orpburio
1161 992 1338 1065 respondeant
1353 990 1559 1059 blasphemanti,
1572 990 1620 1062 qui
1631 989 1715 1046 Pauli
1726 990 1821 1061 aequit

108 1074 230 1149 Scripsit
247 1077 319 1135 enim
334 1079 383 1135 ille
401 1079 488 1135 cirin
511 1080 666 1152 lipistolam
683 1080 765 1137 Pauli
782 1080 817 1136 ad
830 1081 939 1138 lisimas
990 1081 1189 1152 procacitatem,
1218 1081 1287 1155 quod
1314 1082 1466 1154 principem
1492 1079 1683 1152 Apostolorum
1708 1079 1820 1135 Petrum

107 1166 228 1239 quinque
238 1167 352 1240 proprie
360 1167 509 1235 uolumina,
522 1175 549 1225 et
562 1170 691 1226 decimum
700 1170 869 1227 Stromotum
879 1186 938 1227 suo-
989 1185 1072 1225 ausus
1082 1176 1122 1227 est
1134 1170 1337 1243 reprehendere,
1346 1179 1371 1226 et
1380 1186 1495 1242 arquere
1507 1170 1538 1224 in
1550 1170 1660 1240 taciem,
1669 1182 1702 1223 cc
1711 1168 1820 1224 ratione

107 1270 173 1313 rum
185 1255 449 1314 librumcommatico
456 1259 805 1333 supereaplanationeejus
816 1275 937 1316 samone
989 1259 1184 1331 constrinqere,
1207 1260 1276 1333 quod
1300 1259 1369 1317 male
1386 1259 1494 1329 (merit,
1510 1257 1602 1323 idest,
1624 1258 1656 1313 in
1674 1274 1704 1313 eo
1723 1270 1818 1339 errore

106 1342 253 1416 compleuit
265 1368 275 1418 ,·
288 1353 532 1420 tractatusquoque
546 1349 646 1416 aurias,
655 1356 680 1405 et
692 1356 811 1422 eccepto,
827 1366 886 1421 quae
896 1348 937 1406 ael
989 1348 1088 1421 suerit,
1099 1349 1130 1404 in
1141 1366 1194 1422 quo
1208 1350 1264 1422 {uit
1275 1351 1331 1422 ipse
1343 1349 1391 1422 qui
1400 1348 1486 1406 alium
1500 1349 1594 1420 arquit
1608 1346 1816 1419 delinquentem.

105 1431 166 1490 sola
175 1434 422 1509 possentsuspcere,
432 1438 782 1510 composuitl'ratermitto
791 1439 936 1512 Didymurn
989 1436 1062 1504 Quid
1075 1438 1164 1494 dicam
1178 1438 1210 1495 de
1222 1439 1336 1505 loanne,
1349 1437 1510 1511 quidudum
1521 1437 1551 1493 in
1565 1434 1719 1509 pontificali
1728 1435 1819 1507 qradu

107 1521 243 1578 ridentem
269 1541 363 1591 meum,
392 1530 419 1581 et
440 1526 617 1583 laodicenum
632 1529 654 1594 ¹,
682 1527 835 1584 deecclesia
849 1545 937 1600 nuper
989 1525 1317 1600 Constantinopolitanam
1341 1529 1416 1583 reait
1430 1526 1578 1582 dormiam
1595 1524 1646 1597 (a),
1667 1529 1692 1580 et
1704 1523 1818 1596 propris

104 1624 250 1683 aprunum,
270 1619 297 1668 ct
320 1614 510 1672 Alexandrum
529 1624 641 1673 celerem
662 1616 826 1689 bareticum,
853 1618 935 1674 duse-
987 1630 1071 1687 super
1085 1616 1262 1690 bmoopitula
1276 1615 1441 1673 latissimum
1455 1615 1579 1671 euomuit
1595 1613 1707 1680 librum,
1721 1614 1752 1668 in
1767 1628 1819 1686 quo

104 1697 182 1755 mum
194 1716 297 1773 quoque
318 1702 485 1768 limitaneam,
508 1711 533 1760 et
555 1705 719 1762 Theodorum
738 1704 932 1778 Heracleoten,
989 1705 1117 1777 Oriqcnis
1130 1713 1156 1762 et
1169 1712 1288 1762 ceterum
1302 1705 1463 1762 sententiam
1478 1711 1516 1762 cst
1528 1703 1657 1759 secutus?
1677 1702 1709 1758 Si
1729 1703 1819 1775 e'qitur

104 1790 153 1861 qui
168 1795 195 1846 et
206 1790 260 1862 ipsi
272 1791 395 1848 nonullos
414 1808 498 1866 super
513 1794 565 1851 bac
579 1811 609 1850 re
623 1795 853 1852 commentariolos
866 1795 934 1853 reli·
986 1808 1030 1849 me
1055 1794 1232 1867 reprehendis
1250 1800 1399 1861 errantem,
1412 1801 1506 1867 patere
1525 1810 1575 1859 me,
1599 1808 1695 1865 quaro,
1721 1804 1818 1847 errare

103 1885 234 1949 querunt.
254 1879 281 1936 Ε
293 1880 390 1953 quibus
407 1882 450 1939 rel
461 1883 487 1939 si
498 1900 585 1955 pauca
597 1883 778 1957 decerperem,
792 1885 869 1956 fieret
881 1885 934 1942 ali·
986 1897 1045 1939 cum
1056 1881 1156 1939 talibus
1164 1895 1177 1956 ;
1186 1891 1212 1942 et
1221 1900 1280 1940 cum
1291 1900 1334 1940 mc
1343 1883 1448 1939 moris
1459 1883 1511 1938 mei
1523 1881 1620 1937 multos
1629 1881 1713 1937 socios
1721 1879 1818 1935 babere

102 1965 171 2037 quid
182 1967 252 2039 quod
270 1969 441 2041 nonpenitue
454 1978 676 2028 contemneretur.
700 1974 795 2046 ltaque
809 1980 839 2029 ut
863 1974 932 2031 sim·
984 1973 1165 2043 perspexeris,
1183 1980 1212 2029 tu
1224 1973 1349 2028 veritalis
1363 1978 1418 2029 tuce
1428 1970 1521 2028 saltem
1536 1987 1620 2027 unum
1635 1969 1818 2041 adstipulato-

51 2084 58 2095 ·
102 2053 216 2125 pliciter
242 2057 342 2129 lutear,
374 2058 425 2131 leqi
452 2059 506 2116 baec
523 2062 625 2128 omnia,
653 2069 678 2117 et
709 2062 741 2117 in
759 2068 848 2119 mente
874 2079 933 2120 mea
984 2077 1041 2116 rem
1055 2063 1181 2135 proferre
1194 2061 1308 2117 debebis.
1325 2061 1427 2118 Herode
1441 2061 1630 2133 explanatione
1642 2061 1728 2115 unius
1741 2057 1817 2130 capi·

100 2142 230 2216 plurima
242 2162 409 2214 maceroans,
425 2150 511 2206 accito
526 2150 642 2219 notario,
656 2149 698 2207 oei
711 2168 779 2217 mea,
792 2151 833 2206 oel
841 2152 932 2208 aliena
984 2149 1040 2205 tuli
1050 2147 1181 2222 Epistola
1196 2151 1232 2207 ad
1247 2150 1369 2208 Galatas.

100 2232 216 2300 datam,
232 2251 279 2291 nec
292 2236 409 2305 ordinis,
424 2254 472 2295 neo
485 2239 626 2296 uerborum
642 2240 792 2305 interdum,
814 2257 860 2296 nec
874 2257 930 2297 sen·
1018 2240 1046 2293 ¹l.
1062 2237 1113 2295 Sed
1121 2257 1154 2296 ae
1163 2240 1258 2297 uidear
1267 2240 1396 2296 adrerum
1409 2239 1541 2296 rationem
1551 2246 1625 2295 taam
1638 2237 1696 2293 niti
1708 2235 1815 2294 testium

98 2336 181 2378 num
194 2340 304 2380 mmor.
318 2325 381 2383 lam
407 2326 518 2384 Domini
539 2328 735 2386 misericordia
756 2337 808 2397 est,
828 2346 861 2385 nc
880 2346 932 2402 per
983 2344 1105 2396 numero,
1117 2336 1143 2386 et
1156 2331 1290 2387 occasionn
1309 2330 1434 2386 uirorum
1459 2329 1615 2385 illustrium
1630 2327 1817 2399 subtersuqere

101 2410 274 2483 imperitiam
287 2421 407 2473 nostram
423 2417 457 2472 ab
474 2418 544 2474 aliis
558 2416 621 2474 bene
634 2418 705 2474 dicta
720 2418 887 2491 dispereant,
904 2426 933 2477 et
983 2418 1135 2485 ceritatem,
1152 2436 1200 2476 nso
1213 2437 1322 2476 manum
1344 2419 1444 2476 audere
1467 2434 1615 2485 conserere,
1642 2417 1763 2473 bremter
1781 2415 1814 2473 de

101 2515 156 2557 non
169 2500 292 2573 placeant
308 2505 381 2560 inter
390 2511 541 2574 extraneos,
561 2523 620 2580 quae
634 2507 739 2580 placent
749 2510 928 2565 intersum.»
983 2508 1143 2579 Scripturis
1152 2508 1436 2582 eaenaplapraponam.
1449 2506 1602 2564 lnActibue
1610 2505 1811 2579 Apostolorum,

99 2588 211 2663 Siquid
219 2592 310 2664 iqitesr
319 2594 523 2666 reprehensione
531 2596 644 2669 diqnum
652 2596 930 2670 putauerasinecpla·
983 2613 1034 2652 root
1047 2599 1121 2670 sacta
1135 2604 1173 2655 est
1184 2598 1220 2654 ad
1232 2598 1347 2655 Petrum
1360 2598 1463 2662 dicens,
1477 2614 1491 2649 u
1505 2597 1603 2668 Surqs,
1618 2595 1707 2661 Petre,
1725 2593 1813 2651 occide

99 2680 210 2735 natione
222 2689 326 2747 nostra,
338 2682 506 2740 eruditionis
521 2692 577 2742 tuce
587 2686 685 2756 luerat
699 2701 820 2758 quaerere
834 2694 929 2744 utrum
982 2693 1008 2742 et
1018 2687 1151 2743 maduca
1162 2706 1189 2753 ιι,
1205 2687 1290 2755 idest,
1305 2687 1395 2743 omnia
1411 2685 1545 2742 animalia
1559 2683 1775 2758 quadrupedum,
1786 2687 1814 2739 et

97 2784 131 2823 ea
144 2784 209 2840 quse
223 2770 385 2841 sumpsimus
398 2772 560 2830 babmeruur
572 2776 602 2830 ia
611 2775 716 2847 prucis,
727 2783 767 2842 ut,
781 2775 807 2832 si
817 2776 865 2832 illi
875 2793 929 2832 non
981 2778 1144 2849 serpentium
1161 2784 1253 2843 terrae,
1268 2785 1295 2833 et
1309 2777 1464 2834 volatilium
1475 2775 1545 2832 cali.
1561 2775 1617 2841 Oreo
1628 2774 1709 2839 dicto,
1725 2779 1811 2829 osten-

94 2855 241 2924 ds'en'ssent,
255 2866 319 2916 tuno
332 2877 416 2917 meam
426 2865 540 2935 proprie
551 2866 711 2921 sententiam
724 2865 929 2937 condemnares,·
981 2864 1061 2921 ditur
1073 2866 1182 2926 nullum
1203 2866 1336 2922 bominem
1352 2865 1496 2922 secundum
1510 2872 1641 2920 naturam
1659 2878 1712 2918 esse
1724 2862 1811 2934 polles·

93 2948 255 3016 prasertim
274 2964 334 3005 cum
363 2950 447 3007 libere
470 2957 499 3007 in
522 2952 684 3024 prolatione
705 2954 838 3025 walcaus
863 2954 926 3022 sim,
981 2961 1048 3022 tum,
1063 2954 1110 3011 sed
1123 2956 1268 3028 aqualiter
1280 2955 1415 3011 omnesad
1430 2953 1540 3010 Citristi
1552 2952 1729 3024 annqelium
1743 2966 1811 3024 pro-

95 3034 225 3108 Ort‘qens's
243 3040 446 3095 commentarios
459 3057 499 3097 me
513 3057 566 3097 esse
579 3047 707 3106 acutam,
723 3051 748 3099 et
761 3042 803 3098 ael
814 3059 872 3099 mea
885 3044 927 3102 ael
980 3044 1083 3101 uocari.
1094 3043 1474 3117 Adquodresponditl'etrus:
1486 3064 1496 3092 e
1506 3041 1809 3113 Absit,qaianunquam

93 3122 191 3180 aliena
199 3124 324 3192 dictasse,
331 3134 356 3183 et
367 3127 398 3184 in
403 3129 457 3200 pne
464 3130 578 3202 ejusdem
585 3130 929 3204 capituliqaodrepreben·
980 3132 1142 3190 manducaui
1153 3150 1289 3190 mmmune
1303 3140 1329 3189 et
1343 3131 1521 3189 inmundum.
1538 3130 1576 3187 lit
1590 3146 1641 3184 coc
1652 3128 1687 3184 ad
1701 3145 1760 3185 eum
1775 3129 1809 3185 de

93 3211 150 3278 dis,
164 3215 321 3287 scripserim
336 3232 346 3272 .·
361 3237 376 3268 e
389 3217 419 3273 Si
432 3221 482 3274 cui
502 3220 551 3275 iste
573 3235 625 3276 non
647 3221 734 3293 placet
751 3237 852 3286 emaus,
875 3236 927 3294 quo
978 3222 1042 3278 calo
1056 3223 1169 3279 secundo
1181 3225 1255 3294 sacta
1266 3229 1314 3290 est,
1329 3220 1437 3277 dicens:
1452 3219 1517 3286 Quae
1533 3218 1604 3275 Deus
1615 3217 1766 3280 mundarit,
1779 3223 1810 3274 tet

93 3318 143 3359 nec
167 3302 268 3361 Petrus
284 3321 411 3377 percussa
430 3323 478 3364 nec
492 3307 598 3365 Paulus
609 3310 762 3382 procaciter
774 3311 927 3368 ostenditur
979 3311 1282 3368 necommunediaeris.
1298 3332 1311 3364 ι
1326 3310 1379 3367 icit
1391 3309 1481 3382 itaque
1494 3309 1654 3374 Coroneam,
1667 3311 1692 3362 et
1705 3307 1808 3379 inpres-

92 3390 220 3465 arpuisse
238 3394 385 3466 majorem
408 3395 482 3453 debet
503 3414 642 3469 reponere,
666 3417 720 3472 qua
738 3400 926 3472 consequentia
978 3418 1023 3458 sus
1032 3400 1068 3457 ad
1079 3402 1250 3469 Cornelium,
1262 3401 1409 3474 «aperiam
1420 3414 1546 3468 aeuum,
1556 3397 1808 3454 diuitslnueritate

91 3479 201 3538 Paulus
210 3481 241 3537 in
254 3482 343 3540 altem
356 3486 537 3557 reprehendat
549 3488 618 3560 qaod
632 3490 689 3561 ipse
702 3489 844 3545 commisit.
857 3511 871 3539 ι
882 3490 927 3546 Ea
978 3492 1106 3561 comperi,
1130 3491 1196 3564 quia
1211 3507 1263 3547 non
1281 3496 1320 3546 est
1338 3504 1513 3562 personarum
1528 3493 1651 3559 acceptor
1662 3485 1750 3557 Deus;
1763 3484 1809 3542 sed

90 3586 145 3644 quo
162 3573 280 3640 utendi,
293 3590 335 3631 me
352 3592 406 3632 non
424 3593 458 3633 ea
471 3577 582 3649 definito
597 3579 627 3635 id
641 3579 796 3652 defendere,
813 3581 882 3653 quad
896 3581 926 3638 in
980 3580 1096 3635 inomni
1114 3586 1202 3652 pente,
1224 3580 1269 3653 qui
1289 3580 1364 3636 timet
1389 3595 1448 3635 eum
1463 3584 1488 3633 et
1502 3583 1634 3650 operatur
1653 3575 1804 3648 iustitiam,

89 3662 188 3734 prame
206 3663 330 3735 luperam,
346 3666 391 3721 sed
405 3683 437 3722 ea
450 3668 608 3740 repressisse
621 3686 680 3741 quac
693 3668 818 3742 ieqeram,
832 3677 864 3727 ut
877 3670 926 3728 lec·
978 3676 1099 3741 acceptia
1113 3677 1151 3726 est
1174 3670 1222 3728 illi
1234 3690 1261 3725 n.
1282 3669 1403 3741 Denique
1423 3691 1437 3720 u
1457 3665 1552 3724 cecidit
1566 3665 1688 3738 Spiritus
1700 3670 1809 3721 sanctas

90 3750 164 3807 toris
173 3751 294 3809 arbitrio
302 3752 531 3827 derelinquerem,
542 3764 637 3813 utrum
647 3758 785 3830 mobanda
794 3765 878 3816 essent
889 3777 926 3816 an
978 3774 1062 3831 super
1075 3776 1125 3825 sos,
1142 3765 1167 3815 et
1179 3758 1373 3830 obstupuerunt
1385 3755 1632 3813 eaoircumcisionr
1646 3755 1745 3827 fideles,
1759 3754 1807 3827 qui

90 3840 282 3913 ''mimm-
978 3854 1105 3905 renuant
1116 3864 1176 3905 cum
1185 3848 1276 3914 Petro,
1286 3846 1356 3920 quod
1364 3851 1391 3902 et
1402 3847 1431 3901 in
1442 3845 1574 3903 Nationes
1582 3844 1675 3917 qratia
1684 3842 1808 3916 Spiritus

126 3932 154 3987 b.
177 3930 219 3987 l'u
233 3931 332 4003 iqitur,
350 3950 383 3990 ne
399 3935 468 4008 quod
485 3952 534 4008 eqo
552 3937 686 4008 petieram
701 3939 816 4008 fucare,
832 3955 929 3997 nouum
977 3936 1067 3993 sancti
1076 3939 1177 4010 suisset
1190 3937 1283 4008 effusa.
1302 3937 1376 3992 Tunc
1389 3934 1653 4008 reepoaditPetrus:
1664 3932 1806 4006 Numquid

88 4027 281 4092 ermmentun
289 4023 429 4093 reperisti,
438 4026 794 4100 retussa-eres,dentilesqui
803 4029 834 4084 ia
844 4028 926 4086 ciri·
978 4044 1073 4101 mcum
1089 4028 1149 4101 quis
1162 4026 1303 4100 probibere
1311 4030 1406 4098 potest,
1417 4032 1448 4081 ut
1461 4040 1513 4080 non
1528 4023 1702 4095 baptizentur
1714 4020 1747 4075 lsi
1757 4019 1807 4094 qui

86 4114 160 4165 stum
175 4108 368 4178 credidissent,
389 4112 467 4187 lepis
480 4131 559 4172 onem
576 4114 695 4188 liberos,·
715 4133 759 4174 eos
774 4125 866 4174 uatem
877 4120 927 4191 qul
978 4116 1113 4190 Spiritum
1123 4123 1245 4174 sanctum
1257 4120 1416 4189 acceperam
1429 4116 1498 4171 sicut
1513 4119 1538 4169 et
1549 4111 1753 4184 nostlltJ'ussit
1762 4125 1805 4168 sos

86 4196 240 4255 salmis
256 4200 411 4269 crederent,
424 4202 491 4276 Leql
503 4221 555 4261 esse
567 4205 716 4279 subjectos:
734 4214 764 4263 ut
781 4223 832 4279 per
849 4214 925 4265 utro-
978 4207 1128 4262 innomine
1144 4207 1208 4263 lesu
1223 4203 1610 4278 Gbristibaptiuarildota,
1628 4202 1728 4271 ibid).
1745 4201 1806 4258 Aet·

87 4302 202 4360 nnete
211 4304 363 4360 personam,
377 4298 402 4348 et
412 4290 517 4349 Paulus
529 4301 600 4350 recte
612 4294 817 4366 reprebenderet
827 4306 925 4370 eosqui
976 4295 1087 4352 dierunt
1099 4302 1187 4352 autem
1200 4295 1325 4368 Apostoli
1339 4300 1364 4351 et
1379 4296 1482 4367 [ratres
1496 4292 1544 4365 qui
1555 4298 1637 4347 eram
1653 4291 1683 4346 in
1696 4288 1802 4357 iadau,

85 4374 344 4447 Leqrmeeroarent,
357 4382 437 4451 quasi
447 4381 695 4449 doctorGentium,·
709 4391 736 4440 et
750 4385 848 4441 Petrus
856 4386 923 4458 iure
975 4385 1040 4457 quia
1068 4390 1094 4440 et
1118 4390 1206 4457 qentes
1231 4393 1387 4456 receperunt
1400 4381 1511 4439 uerbum
1531 4380 1590 4437 Dei.
1618 4380 1686 4437 dum
1712 4384 1802 4435 ouum

84 4464 385 4540 reprehendereturqui
392 4470 922 4546 princepscircumcisionisldalas,8)id
974 4473 1132 4530 ascendisset
1146 4474 1244 4529 Petrae
1257 4472 1461 4545 lerosolymam,
1475 4469 1661 4542 disceptabant
1675 4468 1804 4524 acaunus

86 4552 237 4625 imperarit
254 4554 393 4624 Gentibus,
405 4558 474 4632 quod
485 4559 536 4615 soli
548 4560 597 4633 qul
608 4578 640 4617 ea
653 4560 757 4618 luduis
770 4570 859 4629 erant,
875 4564 919 4620 de·
975 4562 1054 4619 illum
1069 4563 1118 4636 qui
1129 4567 1208 4619 erard
1222 4578 1256 4618 ec
1273 4560 1485 4627 circumcisione,
1501 4559 1617 4616 dicentes
1630 4575 1638 4615 :
1653 4557 1743 4625 Quare
1756 4558 1801 4613 in·

85 4641 198 4699 bueriat
219 4643 368 4704 obseruare.
384 4646 440 4703 Hoc
458 4649 486 4703 si
499 4648 597 4720 placet,
618 4651 672 4707 imo
690 4654 754 4724 qula
774 4651 870 4724 placet,
889 4659 920 4709 ut
973 4652 1066 4708 troisli
1088 4651 1124 4707 ad
1146 4653 1219 4708 uiros
1246 4649 1409 4724 preputium
1433 4648 1568 4716 babentes,
1588 4655 1613 4705 et
1632 4645 1803 4704 manducasti

84 4731 246 4805 quicumque
253 4733 367 4791 madunt
377 4735 730 4795 caludaisdebitaressint
742 4738 919 4812 leqisfacien-
972 4757 1032 4797 cam
1046 4740 1131 4797 illist
1146 4764 1160 4791 n
1174 4739 1277 4808 Quibus
1298 4740 1373 4796 omni
1387 4740 1499 4796 ratione
1510 4738 1642 4811 exposita,
1658 4735 1801 4794 nomssime

84 4818 144 4885 dum·
159 4826 190 4876 tu
204 4826 237 4877 ut
248 4822 431 4897 episcopusin
445 4831 500 4882 toto
513 4826 576 4883 orbe
588 4828 752 4894 notissimae,
766 4829 841 4886 debes
850 4830 918 4888 leena
971 4830 1122 4886 orationem
1137 4846 1213 4886 suam
1228 4829 1275 4886 boc
1286 4844 1405 4885 sermone
1415 4829 1564 4886 conclusit:
1579 4845 1594 4879 a
1608 4826 1643 4885 Si
1657 4844 1720 4898 erpo
1731 4841 1788 4882 eam

84 4908 267 4983 promulqare
279 4914 452 4981 aumatium,
466 4923 494 4972 et
505 4915 536 4971 in
547 4933 682 4974 assensum
695 4925 770 4975 tuum
780 4935 868 4976 amnes
877 4936 917 4977 oo-
971 4920 1033 4976 mm
1047 4920 1169 4993 qratiam
1182 4918 1255 4975 dedit
1268 4918 1329 4975 illis
1343 4918 1421 4986 licus,
1436 4919 1510 4975 sicut
1521 4924 1547 4975 et
1563 4916 1638 4974 nabis
1652 4917 1701 4989 qui
1713 4912 1801 4971 credi·

85 4998 220 5071 episcopos
232 5000 351 5057 maine
367 5002 464 5074 Epoin
472 5020 559 5076 parco
570 5007 778 5076 tuquriunculo,
788 5022 847 5064 cum
862 5024 917 5064 mo
970 5009 1060 5065 dimus
1081 5008 1111 5064 in
1127 5008 1274 5066 Dominam
1288 5007 1382 5064 lesum
1394 5006 1534 5065 Christum
1546 5024 1556 5074 ;
1574 5021 1623 5077 epo
1636 5003 1698 5078 quie
1711 5017 1797 5073 mam,

87 5086 192 5157 nactis,
205 5086 286 5144 idest
299 5092 542 5163 compeccatoribus
557 5096 631 5162 meis,
641 5095 672 5151 de
684 5098 916 5168 maqnisstatuere
969 5098 1018 5172 qui
1031 5104 1143 5170 possemt
1156 5096 1300 5169 probibere
1314 5096 1399 5153 Deum
1412 5097 1427 5152 l
1441 5097 1493 5152 iiis
1506 5095 1617 5161 eraditis,
1635 5099 1779 5150 tacuerunt
1787 5110 1799 5164 ,¹

85 5190 139 5232 non
150 5175 247 5248 audeo,
257 5178 314 5234 nisi
324 5179 372 5236 bac
383 5181 497 5253 inpense
509 5182 641 5255 conpleri,
651 5201 691 5240 me
703 5186 838 5257 majorum
847 5187 915 5243 scei-
969 5193 996 5244 et
1005 5186 1229 5260 qlorifioaoerunt
1239 5186 1324 5242 Deum
1333 5185 1468 5242 direntes:
1474 5184 1548 5256 Erpa
1558 5189 1583 5240 et
1592 5180 1720 5239 dentibus
1727 5181 1800 5241 Deus

82 5270 131 5337 pta
142 5264 239 5337 tepere,
252 5272 278 5323 el
292 5269 322 5323 in
333 5271 544 5339 commentariis,
559 5273 702 5330 secundum
720 5275 839 5332 omnium
851 5292 914 5332 oon·
967 5276 1155 5350 peanitentiam
1166 5275 1203 5331 ad
1214 5276 1296 5331 uitam
1306 5274 1382 5331 dedit
1395 5296 1408 5328 ι
1424 5272 1505 5346 (ibid.
1516 5288 1556 5339 ιι,
1569 5273 1653 5345 ΗΒ).
1667 5272 1796 5343 Rursum,

113 5369 913 5446 ¹aucmentandummaciomanumcaucasiorum
968 5384 1026 5423 cun
1052 5366 1139 5423 autea
1153 5373 1211 5439 pace
1237 5360 1476 5437 commercatus
1501 5367 1527 5420 a
1544 5362 1686 5420 asemon
1709 5363 1799 5421 venis-

84 5432 177 5498 plttm
190 5437 301 5503 arrepsit
315 5439 479 5503 Apollinaris
495 5454 604 5500 noanon,
622 5445 695 5509 quod
709 5445 872 5497 raticuhatur
886 5448 914 5497 ia

84 5496 253 5564 epognpbo,
269 5500 299 5576 ut
309 5504 384 5567 patet
395 5516 427 5554 ux
441 5504 521 5617 aqizi,
538 5505 578 5561 82.
594 5518 652 5572 cup.
667 5507 690 5557 t.
704 5507 786 5560 Abest
805 5523 914 5575 quoque
983 5509 1035 5582 'lut
1051 5508 1170 5581 losauup
1182 5507 1390 5573 chameunias
1406 5507 1545 5581 depositus
1557 5507 1675 5584 priusque
1689 5520 1735 5561 sn.
1749 5510 1799 5563 tot
1814 5558 1820 5573 ,

84 5588 103 5627 ι
117 5558 204 5614 Vatia
218 5566 246 5615 et
260 5561 320 5615 slsis
332 5563 398 5621 cdd.
415 5578 459 5616 mu
470 5579 534 5619 sosss
551 5571 630 5623 notu.
966 5583 1038 5627 oscos
1054 5583 1139 5623 meae.
1149 5571 1201 5637 Jul.
1216 5573 1274 5621 tum
1289 5583 1333 5621 sn.
1348 5570 1404 5629 itti,
1419 5584 1478 5640 spuo
1488 5570 1531 5621 dio
1544 5583 1637 5643 nsque
1647 5566 1764 5625 sabam
