3952 6128
191 158 245 217 'lid

192 285 234 345 ab
247 300 283 346 eo
301 285 411 345 luerint
424 287 566 360 superati,
580 285 690 344 falsam
705 286 761 345 sibl
777 286 902 358 gloriam
917 284 1016 357 impu·

192 376 367 435 danlissimo
382 374 539 432 mendacio
549 390 690 447 arrogare
706 377 864 433 voluerunt
879 398 884 442 ;
900 389 1015 431 nauso·

191 466 255 525 lum
270 465 391 538 culpam
405 478 463 520 uon
488 469 636 538 putantes,
654 482 759 523 verum
785 466 876 523 etiam
890 480 945 538 pro
961 478 1016 519 sua

191 553 281 612 laude
291 555 449 625 jactantes,
465 553 490 610 si
505 554 665 626 probarent
690 553 878 612 Caecilianum
895 552 1016 624 majori·

191 642 250 701 bus
261 642 323 699 suis
337 642 546 700 accusantibus
561 643 840 702 luissedamnatum
850 639 1017 709 iQuemad-

193 731 318 788 modum
335 737 436 788 autem
461 732 492 788 in
507 732 572 805 ipsa
585 733 744 790 collatione
759 732 858 790 modis
873 730 1016 788 omnibus

192 819 260 878 victi
275 819 342 888 sint,
355 821 596 893 quoniamvalde
608 823 724 896 prolixa
733 827 803 880 sunt
815 822 914 889 Gesta,
927 826 954 877 et
964 818 1016 877 tibi

192 909 258 968 aliis
281 910 372 967 rebus
399 912 541 968 Romanas
567 913 633 984 paci
659 911 834 969 necessariis
858 913 1015 982 occupato,

193 998 376 1056 multumest
387 1003 420 1056 ut
432 999 579 1072 legentur,
597 1002 776 1058 breviarium
790 1000 831 1072 (ιι)
844 1014 948 1056 eorum
965 997 1017 1055 tibi

193 1087 251 1160 legi
266 1088 390 1145 forsitan
403 1089 520 1161 poterit,
536 1090 617 1163 qnod
629 1090 719 1148 credo
733 1089 845 1146 habere
858 1089 979 1145 lratrem
990 1091 1017 1144 at

193 1178 406 1251 coepiscopum
426 1192 527 1235 meum
548 1178 689 1251 Optatam
704 1200 710 1246 ς
728 1184 779 1235 ant
794 1179 819 1234 si
835 1193 895 1233 non
915 1176 1015 1242 babet,

193 1271 291 1340 potest
305 1265 443 1323 facillime
466 1267 601 1340 accipere
615 1267 653 1324 de
673 1267 803 1325 Ecclesia
828 1265 981 1325 διιιιιιιιίί
1008 1283 1015 1323 :

193 1355 317 1429 quando
329 1356 450 1428 quidem
462 1357 551 1413 etiam
567 1356 702 1414 liberiste
710 1358 774 1430 jam
784 1372 841 1413 sua
851 1355 1017 1430 prolixitate

193 1444 274 1503 curis
288 1446 347 1500 tuis
359 1444 483 1502 lorsiteu
498 1458 641 1502 onerosus
654 1452 709 1504 est.

228 1539 256 1589 7.
273 1536 333 1590 Hoc
342 1533 423 1589 enirn
432 1535 554 1605 contigit
564 1535 732 1601 Donatistis,
744 1535 827 1608 quod
837 1532 1019 1591 accusatori·

192 1621 251 1680 bus
265 1623 360 1678 sancti
374 1623 511 1679 Danielis.
522 1624 600 1681 Sicut
609 1624 690 1680 enim
699 1624 729 1680 in
739 1624 808 1682 illos
818 1624 1016 1694 leoneewnn.

194 1726 234 1776 vr,
251 1710 307 1780 al),
324 1711 367 1767 sio
379 1712 409 1767 in
421 1711 495 1767 istos
510 1727 658 1769 conversae
672 1718 741 1769 sunt
751 1713 831 1783 leges
850 1712 961 1785 quibus
976 1712 1020 1767 in·

193 1802 352 1856 nocentem
367 1799 536 1873 opprimere
549 1800 723 1867 voluerunt;
738 1801 793 1857 nisi
802 1801 884 1875 quod
897 1804 1019 1872 propter

194 1887 431 1945 misericordiam
447 1889 562 1955 Christi,
577 1891 673 1960 magis
688 1906 744 1962 pro
757 1890 799 1946 eis
812 1894 884 1946 suni
903 1889 967 1946 istra
980 1889 1017 1946 le·

194 1991 257 2053 ges,
271 1991 341 2049 quoe
363 1976 420 2032 illis
435 1977 574 2034 ridentur
588 1979 722 2035 adversre
738 1996 745 2035 ι
762 1979 908 2052 quoniam
934 1978 1019 2035 multi

193 2064 333 2140 perillus
356 2066 479 2122 correcti
499 2071 578 2134 suut,
604 2072 631 2123 et
650 2067 783 2140 quotidie
799 2067 991 2137 corriguntur
1011 2084 1018 2136 ;

194 2157 224 2213 at
237 2168 268 2211 sa
280 2168 346 2212 esse
360 2158 519 2221 correctos,
540 2159 631 2228 atque
650 2156 690 2213 ab
705 2156 754 2213 ille
768 2155 880 2214 luriosa
889 2156 1019 2229 pernicie

194 2243 337 2302 liberatos
361 2244 472 2315 gratias
486 2250 589 2315 agunt.
611 2247 645 2303 Et
660 2247 712 2318 qui
737 2245 865 2302 oderant
879 2244 1019 2316 diligunt,

194 2332 397 2406 molestasque
412 2332 469 2389 sibi
479 2332 571 2390 luisse
583 2334 797 2391 saluberrimas
812 2337 905 2406 leges,
927 2350 1022 2407 quan·

195 2427 259 2478 tum
278 2423 309 2478 in
330 2421 449 2479 insania
461 2422 695 2487 detestabantur,
711 2427 826 2479 tentum
842 2430 961 2496 recepta
974 2437 1022 2479 sa·

843 158 874 217 S.
895 152 1086 215 auuusttnl
1105 156 1265 217 EPISCOPl

1838 157 1893 215 'lib

1071 285 1277 360 obtemperare
1287 301 1348 344 nou
1360 285 1432 355 rull,
1448 284 1575 360 acquirit
1589 284 1703 356 grande
1715 283 1874 357 preamium
1890 305 1899 339 ι

1070 375 1255 449 quicumque
1270 380 1368 433 antem
1385 376 1501 446 legibus
1516 376 1741 448 imperatorum,
1759 388 1831 447 quta
1845 387 1902 446 pro

1073 465 1122 520 liei
1137 466 1258 522 veritate
1268 465 1412 534 leruntur,
1420 463 1625 537 obtemperare
1635 479 1695 519 nou
1709 461 1781 530 vult,
1799 462 1902 535 acqui·

1071 553 1228 623 ritgrande
1239 555 1433 628 supplicium.
1447 557 1558 611 Namet
1573 551 1759 624 temporibus
1770 551 1902 624 Prophe·

1072 649 1169 700 tarum
1189 660 1295 701 omnes
1307 657 1391 714 reges
1406 643 1458 717 qui
1478 643 1507 698 in
1523 640 1636 715 populo
1651 642 1700 698 Dei
1717 656 1778 698 non
1800 639 1903 714 probi·

1070 732 1201 790 buerunt
1214 749 1269 790 nec
1283 737 1451 790 averterunt
1475 748 1544 806 quae
1559 736 1664 788 contra
1683 731 1734 787 Dei
1748 733 1902 803 praecepta

1071 821 1189 879 lucrant
1207 822 1349 889 instituta,
1364 820 1524 895 culpantur
1541 839 1550 892 3
1567 824 1596 876 et
1610 820 1661 892 qui
1677 818 1903 892 prohibuerunt

1072 917 1100 968 et
1111 916 1287 979 everterunt,
1303 926 1393 984 super
1407 909 1535 967 aliorum
1552 909 1655 966 merita
1669 907 1846 965 laudantur.
1870 910 1903 965 Et

1071 1015 1122 1056 rex
1138 1000 1425 1067 Nabuchodonozor‚
1442 1015 1627 1056 cumservus
1646 1002 1722 1054 esset
1735 996 1901 1062 idolorum,

1071 1090 1222 1147 constituit
1237 1089 1412 1159 sacrilegam
1430 1088 1528 1157 legem
1539 1092 1569 1143 ut
1581 1087 1777 1143 simulacrum
1793 1084 1903 1142 adora-

1072 1184 1166 1245 retur;
1181 1178 1233 1234 sed
1245 1179 1311 1250 ejus
1320 1178 1421 1251 impiae
1431 1175 1636 1234 constitutioni
1648 1175 1701 1248 qui
1711 1173 1840 1231 obedire
1851 1188 1905 1231 uo·

1071 1268 1200 1334 luerunt,
1215 1268 1263 1340 pie
1273 1266 1458 1340 fideliterque
1469 1265 1603 1322 lecerunt
1616 1282 1623 1321 ε
1634 1262 1713 1320 idem
1723 1268 1830 1320 tamen
1840 1277 1902 1330 rex,

1071 1356 1174 1414 divino
1182 1361 1331 1413 correctus
1339 1355 1493 1421 miraculo,
1506 1354 1588 1426 piam
1602 1359 1630 1409 et
1644 1350 1834 1408 laudabilem
1849 1365 1904 1422 pro

1072 1446 1194 1503 raritate
1206 1446 1365 1511 constituit,
1383 1449 1414 1500 ut
1428 1445 1611 1516 quicumque
1631 1441 1743 1498 diceret
1757 1440 1906 1511 blaspbe-

1073 1536 1207 1592 miamin
1223 1537 1429 1591 lleumvarnm
1442 1533 1554 1599 Sidrac‚
1568 1532 1667 1597 llisac,
1684 1538 1713 1586 et
1723 1530 1904 1597 abdenago,

1072 1640 1141 1681 oum
1156 1624 1249 1681 domo
1262 1639 1318 1680 sua
1335 1622 1454 1695 penitus
1469 1621 1600 1678 interiret
1617 1621 1708 1693 (Dan.
1723 1634 1766 1688 m,
1788 1623 1817 1685 5,
1843 1616 1904 1687 aa).

1072 1716 1153 1770 lianc
1164 1712 1261 1782 legem
1276 1711 1366 1784 siqui
1381 1714 1636 1784 contempserunt,
1652 1714 1681 1765 et
1694 1708 1724 1764 id
1741 1706 1829 1780 quod
1842 1706 1904 1763 lue

1073 1807 1119 1859 rat
1137 1803 1329 1858 coustitutum
1346 1801 1450 1857 marito
1473 1800 1606 1873 perpessi
1622 1803 1702 1864 sunt,
1730 1796 1905 1853 debuerunt

1072 1891 1171 1949 dicere
1182 1891 1264 1964 quod
1277 1891 1327 1946 isti
1342 1889 1454 1955 dicunt,
1470 1889 1611 1960 sejustus
1630 1902 1704 1952 esse,
1718 1885 1793 1959 quia
1810 1901 1848 1943 ex
1864 1884 1902 1941 le·

1073 1995 1109 2052 ga
1129 1980 1207 2051 regis
1221 1978 1458 2052 persecutionem
1472 1977 1663 2050 patiebantur
1679 1993 1685 2031 :
1701 1973 1785 2048 quod
1799 1974 1904 2046 utique

1073 2069 1215 2135 dicerent,
1232 2068 1254 2123 si
1270 2068 1311 2124 ita
1325 2067 1503 2133 insanirent,
1518 2065 1603 2122 sicuti
1617 2065 1662 2120 isti
1679 2063 1839 2120 insaniunt
1853 2063 1904 2135 qui

1073 2158 1212 2215 dividunt
1227 2157 1363 2214 membra
1377 2156 1489 2222 Christi,
1503 2153 1697 2212 etexsulllant
1707 2153 1905 2209 Sacramenta

1074 2247 1189 2310 Christi,
1211 2252 1240 2303 et
1254 2246 1291 2302 de
1309 2245 1516 2318 persecutione
1534 2242 1701 2314 gloriantur
1717 2259 1724 2308 ;
1741 2241 1816 2316 quia
1839 2256 1906 2314 pro·

1074 2334 1214 2392 bibentur
1241 2334 1298 2391 iste
1318 2333 1415 2391 lacere
1434 2331 1550 2403 legibus
1574 2332 1803 2405 imperatorum,
1828 2344 1905 2405 quas

1073 2426 1290 2482 constituerunt
1305 2438 1358 2496 pro
1372 2421 1485 2479 unitate
1501 2421 1605 2480 Christi
1622 2438 1629 2488 ;
1646 2424 1674 2477 et
1690 2421 1808 2492 iactant
1824 2418 1905 2476 talla·

194 2511 287 2568 nitate
313 2510 501 2580 gratulantur
525 2528 532 2578 ;
556 2516 585 2566 et
606 2511 634 2567 in
656 2512 802 2577 residuos,
821 2528 890 2567 cum
910 2512 1021 2585 quibus
1075 2516 1147 2572 citer
1165 2512 1368 2570 innocentiam
1383 2527 1481 2576 suam,
1498 2516 1525 2567 et
1540 2525 1633 2583 quam
1656 2525 1716 2565 non
1733 2512 1864 2580 possunt
1888 2523 1906 2565 a

195 2599 314 2657 luerent
322 2596 454 2670 parituri,
463 2599 527 2669 iam
542 2598 630 2656 simili
643 2598 798 2655 dilectione
809 2600 979 2666 nobiscum,
990 2604 1022 2658 ut
1074 2603 1201 2660 Domino
1220 2602 1365 2674 accipere,
1392 2600 1431 2658 ab
1444 2599 1620 2656 bominibus
1635 2603 1777 2671 quaerunt
1792 2602 1907 2669 marty·

195 2686 306 2760 pariter
320 2686 467 2743 instemus
482 2702 519 2743 ue
529 2687 569 2744 illi
585 2693 718 2761 pereant,
730 2689 906 2745 excitantur.
923 2689 1023 2747 Moles·
1074 2707 1143 2749 rum
1157 2690 1295 2761 gloriam.

195 2781 245 2833 tus
263 2780 307 2832 est
325 2775 404 2833 enim
429 2779 458 2833 et
482 2791 538 2833 nos
559 2777 644 2833 dicus
668 2777 774 2834 iuranti
795 2777 977 2850 phrenetico.
994 2781 1023 2835 et
1111 2782 1137 2835 9.
1151 2778 1218 2833 Veri
1229 2781 1330 2834 antem
1343 2780 1489 2849 martyres
1499 2773 1538 2830 illi
1550 2780 1630 2843 sunt,
1638 2772 1794 2846 dequibus
1807 2772 1909 2829 Domi·

197 2864 511 2939 paterindisciplinato
523 2865 652 2932 lilio;ille
662 2866 1021 2938 ligand0‚istecaedendo;
1075 2883 1133 2924 nus
1150 2866 1201 2932 ait,
1216 2865 1360 2938 Brutiqui
1371 2864 1771 2934 perseeutiouempotiuutar
1780 2868 1907 2932 propter

196 2953 250 3010 sed
260 2954 522 3027 ambodiligendo.
535 2955 744 3014 Siautamillos
756 2955 1023 3030 negliganl,etper-
1070 2953 1349 3029 justitinmfflatttt.
1358 2970 1385 3020 ι,
1394 2953 1449 3026 ιο).
1461 2952 1660 3024 Nonargoqui
1669 2950 1907 3024 propleriniqni·

195 3041 237 3100 ira
251 3042 436 3116 permittant,
451 3043 508 3101 ista
529 3044 629 3116 polius
646 3044 846 3101 mansuetudo
862 3044 939 3101 falsa
955 3061 1024 3102 cru·
1076 3039 1777 3116 tatem,etproptercbristianaeunitatisimpiam
1788 3039 1909 3095 divisio·

196 3131 271 3190 dalis
286 3135 342 3188 est.
358 3130 388 3188 Si
403 3132 483 3188 enim
497 3148 594 3205 equus
606 3136 636 3189 et
652 3131 760 3199 mulus,
777 3133 889 3206 quibus
903 3149 964 3191 non
979 3138 1024 3190 est
1076 3150 1156 3201 nem,
1172 3132 1224 3189 sed
1240 3131 1291 3205 qui
1310 3136 1431 3203 propter
1444 3130 1588 3202 justitiam
1602 3129 1845 3201 persecutionem
1858 3142 1907 3202 pa·

196 3219 373 3288 intellectus,
390 3220 541 3278 morsibus
553 3225 581 3278 et
595 3221 725 3278 calcibus
739 3223 879 3278 resistunt
893 3222 1024 3279 bomini·
1078 3223 1200 3287 ιιιιιιιιιι,
1216 3221 1247 3277 bi
1263 3228 1409 3294 martyres
1424 3219 1484 3275 veri
1497 3223 1577 3275 sunt.
1594 3220 1669 3274 llam
1682 3219 1803 3287 etagar
1814 3231 1909 3289 passa

196 3310 507 3383 busequibuseorum
517 3310 782 3367 curandavulnera
790 3317 1022 3380 contrastantum
1077 3316 1121 3370 est
1136 3310 1402 3384 persecutionema
1422 3309 1493 3365 Sara
1510 3308 1626 3380 (Grues.
1650 3322 1711 3372 ιιι,
1731 3306 1760 3378 ι)
1779 3325 1786 3375 ;
1808 3312 1840 3362 et
1859 3305 1909 3362 illa

198 3404 226 3457 et
237 3414 307 3455 cum
318 3399 396 3455 inter
410 3398 514 3454 dentes
525 3413 629 3455 eorum
639 3401 668 3455 et
681 3398 778 3455 calces
793 3415 874 3471 saepe
886 3399 1024 3457 homines
1078 3406 1140 3459 erat
1150 3406 1326 3473 sanctaque
1336 3397 1529 3464 iaciebat‚itln
1539 3394 1907 3470 iniquequespatiebatur.

197 3485 407 3562 periclitentur,
417 3486 960 3559 etaliquandovexentur,nontamen
971 3503 1024 3544 eos
1077 3488 1228 3563 Numquid
1241 3487 1312 3545 buia
1327 3486 1524 3560 persecutioni
1536 3500 1628 3558 quarn
1645 3500 1738 3558 passa
1753 3490 1799 3541 est
1816 3484 1905 3556 Agar,

198 3575 349 3641 deserunt,
365 3573 462 3631 donec
483 3590 538 3647 per
550 3574 669 3632 dolores
692 3582 721 3633 et
735 3576 888 3634 molestias
904 3574 1025 3632 medici·
1078 3578 1303 3650 comparandus
1323 3582 1497 3633 estsenctus
1514 3573 1607 3630 David
1623 3589 1715 3647 quem
1730 3579 1908 3647 persecutus

198 3664 283 3722 uates
296 3668 436 3721 revocent
459 3665 498 3722 ad
518 3664 646 3721 salutem
663 3683 669 3724 :
686 3670 801 3739 quanto
817 3665 913 3736 magis
932 3666 1025 3722 bomo
1078 3673 1121 3726 est
1140 3667 1262 3742 iniquus
1277 3665 1349 3723 Saul
1360 3666 1382 3737 (l
1398 3666 1471 3734 aeq.
1486 3681 1566 3731 xxm,
1582 3679 1642 3729 xlx,
1657 3670 1685 3721 et
1699 3663 1805 3736 sqq.)t
1819 3662 1909 3719 Valde

198 3752 376 3819 abhomine,
390 3758 419 3811 et
431 3753 653 3821 irateralratre‚
663 3771 699 3812 ne
714 3755 744 3812 in
756 3761 901 3812 aeternum
913 3760 1023 3828 pereat,
1080 3759 1179 3830 utique
1190 3756 1290 3822 distat,
1306 3770 1366 3811 non
1377 3752 1694 3827 qniapatiebatur,sed
1704 3753 1910 3825 quiapropter

198 3857 261 3900 nou
275 3845 320 3900 est
333 3842 587 3916 deserendus,qni
600 3850 749 3901 correctus
757 3843 1027 3917 intelligerepotest
1076 3845 1222 3918 iustitiam
1233 3842 1411 3915 patiebatur.
1431 3843 1461 3898 iil
1476 3842 1539 3913 ipse
1553 3839 1697 3896 [lominus
1708 3856 1779 3897 eum
1789 3839 1910 3896 latroni-

197 3936 345 4006 quantum
361 3932 418 3990 sibi
434 3932 633 4006 prestabatur
644 3933 835 3997 beneficium.
853 3933 979 4006 quando
993 3949 1026 3990 se
1078 3933 1136 3992 bus
1151 3933 1311 3990 erucillxus
1327 3933 1559 4001 saltiacum,
1576 3929 1621 4001 33)
1637 3928 1790 4000 :sedquoe
1806 3928 1910 4000 passio

198 4022 437 4095 persecutionem
452 4022 562 4093 perpeti
575 4022 755 4094 querebatur
772 4025 778 4081 l
1077 4023 1234 4097 iungebat,
1246 4036 1340 4077 causa
1353 4018 1521 4091 separabat.
1534 4018 1605 4074 ldeo
1615 4018 1644 4073 in
1655 4016 1775 4074 Psalmo
1789 4033 1848 4074 vox
1860 4016 1911 4073 illa

235 4108 263 4166 il.
279 4109 360 4166 Sicut
374 4124 445 4179 ergo
460 4109 617 4180 apostolus
639 4111 719 4177 dicit,
735 4110 946 4182 Infotipnbitas‚
961 4126 1025 4168 cun
1080 4110 1274 4184 intelligenda
1285 4114 1330 4166 est
1346 4124 1484 4165 verorum
1505 4113 1683 4181 martyrum,
1700 4105 1868 4162 volentium
1881 4120 1911 4162 se

201 4203 315 4266 tempus
325 4196 628 4266 murmurmurmur
634 4199 739 4256 bonam
754 4199 795 4255 od
805 4214 899 4256 omnes
913 4199 1024 4270 (Galat.
1080 4199 1209 4258 discerni
1220 4216 1238 4256 a
1250 4196 1433 4271 martyribus
1441 4196 1536 4262 falsis,
1542 4195 1646 4268 jesdieo
1658 4210 1714 4259 me,
1727 4196 1817 4260 Deus,
1826 4200 1855 4253 et
1864 4195 1910 4252 di·

201 4301 241 4353 vr,
256 4285 301 4358 lu)
315 4302 323 4341 :
338 4286 389 4360 qui
399 4289 534 4360 possunt,
544 4287 759 4344 catholicorum
772 4288 1027 4360 praedicatorum¹
1081 4304 1168 4349 cerne
1185 4303 1306 4346 cuasam
1313 4286 1450 4345 meumde
1463 4286 1911 4357 geuteuousnnctatPsot.nn,

201 4375 412 4443 sermonibus;
428 4375 845 4448 quipossunt,catboliccrum
856 4377 1026 4449 principum
1084 4380 1108 4452 ι)
1125 4396 1132 4436 :
1147 4394 1207 4435 non
1223 4377 1308 4444 dixit,
1323 4376 1459 4433 lliseerne
1471 4390 1593 4447 poenam
1615 4389 1737 4441 meam;
1759 4373 1825 4441 sed,
1854 4375 1913 4431 dis·

201 4463 450 4536 lagibus5partim
465 4479 518 4537 per
526 4479 577 4522 eos
585 4465 749 4538 quidivinis
759 4465 1025 4538 admonitionibus,
1080 4483 1168 4527 cerne
1182 4481 1303 4525 causum
1321 4480 1428 4524 meum.
1454 4466 1549 4520 Potest
1565 4463 1644 4519 enim
1659 4478 1723 4519 essa
1743 4463 1914 4531 impiorum

200 4554 310 4627 partim
326 4569 379 4626 per
391 4555 506 4627 eosqui
518 4553 610 4626 jussis
620 4554 824 4628 imperialibus
835 4560 952 4628 parent,
964 4570 1028 4611 om·
1081 4557 1185 4615 similis
1198 4571 1297 4629 pmua,
1312 4554 1363 4611 sed
1376 4551 1530 4609 dissimilis
1545 4556 1588 4608 est
1607 4558 1775 4623 martyrum
1792 4567 1889 4608 causa
1905 4570 1913 4620 ς

201 4656 255 4699 nes
268 4642 307 4699 ad
320 4643 447 4700 salutem
467 4647 618 4711 vocentur,
635 4659 741 4702 omnes
757 4660 776 4701 ιι
791 4644 924 4718 pernicie
944 4660 1029 4701 revo-
1080 4662 1210 4719 quorum
1227 4650 1255 4701 et
1269 4643 1319 4700 illa
1332 4658 1389 4700 vox
1401 4647 1456 4708 est,
1475 4641 1589 4713 lnjaste
1607 4641 1755 4710 persecuti
1769 4648 1842 4697 sant
1858 4656 1913 4705 me,

202 4735 315 4787 centur.
332 4732 407 4798 Quia
428 4739 457 4789 el
472 4733 667 4804 imperatores
679 4734 804 4806 quando
824 4750 878 4805 pro
901 4733 1028 4790 lalailata

201 4824 304 4878 contra
316 4819 468 4876 veritatem
483 4821 668 4878 constituunt
687 4822 783 4878 malas
794 4822 884 4893 leges,
898 4821 1028 4894 proban·

202 4914 251 4968 tur
263 4907 340 4966 bane
354 4908 519 4976 credentes,
531 4914 558 4966 el
566 4911 748 4966 constituunt
758 4912 853 4967 malas
861 4911 952 4980 leges,
963 4926 1030 4982 pro·

201 4992 395 5057 b'auturbeue
406 4997 1026 5071 credentesatcoronanturperseverautas:

202 5086 327 5162 quaudo
340 5090 442 5145 autem
455 5103 510 5161 pro
524 5087 645 5144 varitate
659 5087 929 5146 coutralalsitatem
939 5104 1029 5145 cons·

203 5177 311 5234 tituunl
323 5176 420 5234 bonas
432 5176 523 5249 legas,
538 5181 684 5233 terrentur
703 5178 868 5244 saevientes,
892 5184 921 5233 et
941 5177 1031 5234 corri-

203 5273 314 5336 guntur
326 5266 530 5337 intelligentes.
547 5264 732 5338 Quicumque
753 5280 824 5336 ergo
847 5266 962 5337 legibus
976 5266 1030 5322 irn-

206 5360 387 5426 peratorum‚
414 5371 483 5428 quaa
510 5360 616 5414 contra
635 5356 788 5412 veritatem
804 5357 854 5412 uei
885 5357 1030 5422 teruntur,

237 5504 245 5537 ¹
259 5502 337 5561 Edd,
351 5502 482 5558 Sitiesmi.
497 5506 531 5558 Αι
545 5507 608 5558 iles.
623 5505 761 5565 tredecim,
779 5506 905 5573 sititensi.

235 5565 247 5599 ¹
262 5564 339 5624 Edd,
351 5574 547 5640 praceptorum.
562 5570 595 5621 At
606 5570 669 5621 iles.
682 5569 812 5635 plerique,
822 5572 1031 5634 prodientem.

239 5625 275 5691 ta)
289 5626 443 5681 breviculus
456 5630 606 5684 collationis
618 5634 706 5687 exstat
719 5636 785 5685 tom.
795 5632 820 5685 l.

1081 4736 1249 4808 adjuvante
1261 4733 1355 4805 (Paul.
1377 4729 1534 4803 exultatio)
1549 4745 1555 4786 :
1573 4729 1641 4786 ideo
1656 4728 1825 4800 sedignum
1839 4729 1917 4786 exis·

1082 4825 1197 4881 limavit
1209 4823 1261 4894 qui
1276 4821 1467 4894 adjuvaretur
1476 4821 1566 4891 juste,
1590 4819 1662 4891 quia
1682 4817 1722 4873 illi
1749 4833 1918 4890 perseque-

1083 4914 1193 4970 bantur
1211 4913 1344 4984 inJ'nste;
1366 4926 1435 4966 nam
1456 4910 1480 4964 si
1497 4909 1576 4980 iuste
1594 4907 1633 4963 illi
1649 4913 1916 4978 persequerentur,

1083 5017 1144 5058 non
1158 5001 1252 5057 luerat
1268 4998 1472 5071 adjuvandus,
1488 4996 1543 5053 sad
1556 4994 1765 5066 corrigendus.

1119 5091 1317 5149 10.Siautem
1333 5093 1448 5162 putant,
1464 5086 1548 5160 quod
1564 5100 1654 5141 nemo
1667 5083 1762 5155 possit
1769 5085 1854 5157 iuste
1868 5086 1919 5141 ali·

1083 5196 1174 5254 quem
1189 5178 1341 5252 persequi,
1359 5177 1436 5234 sicul
1449 5175 1650 5233 incollatione
1665 5174 1816 5239 dixerunt,
1834 5173 1917 5230 illam

1083 5285 1149 5328 ease
1164 5284 1266 5325 ueram
1282 5266 1445 5324 Ecclesiam
1456 5280 1526 5338 quae
1535 5263 1779 5336 persecutionem
1793 5264 1918 5335 patitur,

1084 5352 1917 5431 nonquoeiacit3omittodicerequodsuperiuscomme-

1085 5439 1918 5519 moravt‚quissiiraestututeunt,cseeitienussdveram

1085 5536 1247 5593 Ecclesiam
1259 5531 1568 5608 pertinebat,quando
1579 5527 1919 5603 eumnrajoresillorum

1089 5624 1239 5699 usquead
1259 5621 1452 5697 imperatoris
1464 5620 1614 5694 judicium
1628 5617 1808 5678 accusando
1819 5634 1921 5693 perse-
