3952 6128
126 158 181 218 859

125 286 304 358 contagione
319 284 423 343 mortis
438 282 571 355 anthura
586 283 615 339 et
634 279 817 353 obligatione
837 277 951 352 peccati

127 376 208 448 qnod
221 370 699 449 primanativitatecontraxit,nisi
715 385 768 441 per
783 384 877 425 unum
889 383 952 424 me-

126 465 273 521 diatorem
298 462 348 518 llei
375 466 403 516 et
431 460 601 526 hominum,
625 460 779 517 hominem
804 458 951 515 Christum

125 553 225 608 lesum
245 552 266 623 (l
287 550 359 605 Tim.
374 565 403 615 ιι,
421 549 459 620 5).

161 642 188 694 6.
204 639 294 709 Cujrrs
319 639 449 694 hominis
473 637 671 710 ejusdemque
685 636 734 693 [lei
756 635 953 693 saluberrima

125 728 195 794 ilde,
209 729 300 784 etiem
317 727 359 782 illi
366 728 435 799 justi
447 727 521 783 salvi
534 726 603 784 iacti
618 727 766 799 suntqui,
776 726 952 798 priusquam

124 817 238 873 reniret
250 818 279 872 in
295 831 384 872 carne
395 819 415 887 ¹,
430 815 620 872 crediderunt
636 815 764 871 incarne
783 818 951 870 venturum.

126 906 238 962 Eadem
252 919 385 977 namque
400 904 474 960 fides
486 909 531 959 ast
542 910 571 960 et
581 909 723 961 nostrast
737 903 866 969 illorum,
877 917 954 974 quo-

125 994 207 1051 niam
224 995 280 1050 hoe
294 994 333 1049 illi
343 993 531 1049 crediderunt
541 993 685 1060 futurum,
700 992 783 1064 quod
797 1008 849 1047 nos
862 989 954 1046 cradi-

127 1100 195 1138 mus
205 1082 335 1141 lactum:
350 1084 428 1138 unde
445 1082 514 1137 dicit
525 1082 677 1153 apostolus
692 1081 810 1147 Paulus,
836 1081 954 1136 Haben·

127 1179 169 1229 tee
189 1179 287 1229 antem
300 1171 581 1240 carredemSpiritnm
601 1171 683 1239 fidei
698 1171 862 1228 secundnm
874 1169 954 1242 qued

124 1261 264 1332 seriptum
285 1267 338 1325 est,
355 1260 487 1324 Credidi,
504 1266 626 1331 propter
646 1260 725 1330 qnod
750 1261 863 1315 territus
876 1274 951 1324 rum,

53 1366 55 1371 ’
125 1356 152 1407 et
166 1365 224 1405 non
240 1350 399 1415 credimus,
411 1358 533 1419 propter
546 1349 625 1421 qnod
640 1356 666 1405 et
681 1349 872 1420 toquimnrtll
887 1349 952 1405 Cor.

128 1456 167 1506 ιιι,
185 1439 238 1511 13).
251 1439 280 1496 Si
293 1453 365 1508 ergo
378 1438 519 1494 eumdem
531 1438 671 1510 Spiritum
687 1437 755 1494 fldei
772 1442 800 1493 el
811 1436 850 1492 illi
862 1437 953 1492 halie-

127 1527 202 1584 baut
216 1528 267 1601 qui
289 1533 449 1583 venturum
463 1528 493 1581 in
508 1543 597 1583 carne
613 1527 762 1584 Christum
776 1525 955 1598 praenuntia·

127 1621 208 1682 runt,
224 1631 316 1688 quem
327 1616 416 1671 eliam
431 1615 471 1670 illi
487 1616 622 1688 quicum
637 1616 751 1671 venisse
767 1614 953 1681 nuntiarunt;

128 1709 318 1761 sacramenta
332 1720 397 1761 esse
408 1709 567 1776 potuerunt
580 1719 635 1776 pro
651 1709 819 1775 temporum
833 1703 954 1761 diversi·

128 1799 187 1850 tate
203 1794 330 1860 diversa,
360 1793 400 1849 ad
420 1794 564 1849 unitatem
591 1798 692 1849 tamen
722 1792 858 1863 ejusdem
884 1792 953 1849 fidei

129 1883 360 1940 concordissime
374 1883 716 1954 recurrentiascriptum
732 1887 776 1939 est
790 1882 821 1938 in
832 1883 954 1939 Actibus

128 1971 351 2045 Apostolorum,
367 1973 507 2044 loquente
517 1972 653 2044 apostolo
666 1975 765 2029 Petro:
779 1972 868 2029 Nunc
884 1988 954 2044 erge

128 2061 199 2132 qnid
214 2061 333 2116 tentatis
352 2060 443 2117 ileum
457 2062 608 2129 imponere
615 2063 724 2133 jugum
736 2077 830 2131 snpra
844 2063 955 2119 cottum

128 2149 444 2222 disciprrlorum,quod
456 2165 550 2221 neque
561 2156 661 2221 potres
673 2151 779 2216 nostri,
795 2166 890 2222 neque
904 2167 955 2207 nor

18 2292 24 2305 ‚
126 2246 250 2309 portare
271 2240 443 2311 potnimnrl
460 2239 519 2295 Sed
531 2254 585 2308 per
599 2239 731 2310 gratiam
746 2241 866 2297 Domini
887 2241 955 2297 iesu

129 2329 770 2400 credimusnossntrosfierignemudmodum
784 2330 865 2386 etitli
880 2332 955 2400 (Act.

128 2432 178 2482 xv,
193 2418 237 2484 te,
253 2418 310 2486 11).
336 2417 365 2474 Si
378 2433 449 2486 ergo
463 2425 492 2473 et
514 2418 565 2484 illi,
585 2418 615 2472 il
631 2422 685 2482 est,
703 2424 812 2489 patres,
838 2424 957 2490 portare

126 2506 236 2578 jugum
250 2505 324 2575 legis
345 2506 451 2561 veteris
467 2522 528 2562 non
544 2506 747 2578 valentes,per
759 2509 884 2577 gratiam
901 2510 954 2563 llo·

130 2594 202 2649 mini
217 2595 285 2649 Jesu
299 2594 399 2650 salvos
414 2611 444 2649 se
457 2594 519 2650 lieri
533 2595 723 2650 crediderunt
737 2612 743 2661 ;
762 2596 956 2653 manifestum

130 2682 272 2755 estquod
287 2682 350 2738 haec
366 2683 462 2753 gratia
487 2684 576 2740 etiam
593 2685 733 2756 antiquos
744 2684 840 2755 justos
860 2687 956 2743 vivere

765 152 797 213 e.
815 108 1011 213 auonsrun
1029 150 1190 211 nrrsnorr

1003 278 1035 336 in
1048 293 1142 350 regno
1157 278 1262 336 mortio
1281 294 1372 337 nemo
1389 277 1454 336 sine
1467 278 1675 348 edomitam
1687 296 1787 354 regno
1803 282 1844 338 vi·

1004 372 1041 424 ha
1056 384 1145 424 nemo
1163 368 1226 424 sine
1241 368 1367 425 Christo.
1383 368 1466 426 Sicut
1481 385 1536 442 per
1559 370 1657 428 Adam
1671 386 1783 428 omnes
1797 371 1846 427 in·

1003 457 1083 528 justi,
1105 458 1146 514 ila
1160 473 1213 529 per
1228 456 1380 514 Christum
1393 472 1502 515 omues
1510 459 1585 531 justi
1593 459 1745 517 hominus.
1762 460 1845 517 Sicut

1006 562 1058 619 per
1078 547 1171 603 Adam
1187 563 1294 603 omnes
1315 542 1494 603 mortalesln
1509 564 1606 620 poena
1619 549 1689 605 lacti
1700 554 1773 605 eunt
1792 548 1847 606 filii

1006 636 1116 701 saeculi,
1133 636 1171 693 ita
1191 642 1219 692 et
1240 652 1292 708 per
1307 636 1457 695 Christum
1471 652 1584 694 omnes
1607 638 1800 695 immortales
1814 638 1846 695 in

1007 725 1244 795 gratiahuutlllii
1263 724 1324 781 uei,

1042 814 1156 872 CAPUT
1169 815 1216 871 111.
1231 844 1264 855 -
1282 814 1308 870 9.
1324 815 1380 870 Cur
1398 818 1499 871 autem
1525 821 1665 873 creentur
1679 815 1779 872 etiam
1805 816 1847 873 illi

1006 919 1083 976 qtros
1098 904 1218 959 Creator
1231 904 1378 975 prescivit
1392 906 1400 940 ¹
1422 904 1462 960 ad
1477 904 1706 962 damnationem
1721 921 1787 962 nou
1807 905 1844 962 ad

1007 993 1133 1063 gratiam
1150 992 1306 1065 pertinere,
1322 992 1427 1049 beatus
1441 994 1602 1066 Apostolus
1609 999 1692 1051 tauto
1704 994 1845 1049 succinc-

1007 1081 1080 1138 tiore
1089 1082 1244 1152 brevitate,
1257 1087 1372 1154 quanto
1389 1083 1502 1154 maiore
1514 1084 1690 1139 auctoritate
1701 1097 1845 1139 comme·

1006 1174 1115 1226 morat.
1131 1172 1222 1226 [teum
1243 1169 1323 1225 enlm
1338 1169 1409 1225 dicit
1421 1169 1571 1227 volentem
1582 1171 1736 1228 ostendere
1748 1171 1761 1226 i
1766 1186 1844 1236 rom,

1007 1263 1033 1316 et
1046 1259 1246 1316 demonstrare
1258 1260 1420 1328 potentiam
1436 1275 1532 1325 strom,
1556 1260 1692 1316 attulisse
1712 1260 1846 1315 innrnttn

1006 1348 1152 1418 patientia
1166 1362 1235 1404 unse
1254 1348 1316 1412 irae,
1333 1349 1541 1420 anteperfecta
1569 1353 1639 1404 sunt
1654 1349 1686 1403 in
1701 1349 1847 1419 perditio·

1007 1452 1083 1505 nem,
1097 1444 1123 1493 et
1137 1443 1168 1492 nt
1181 1444 1267 1494 notus
1279 1438 1391 1507 faceret
1403 1437 1523 1494 divitias
1532 1438 1637 1509 gioria
1646 1453 1709 1493 suar
1723 1439 1756 1492 in
1772 1453 1845 1495 casa

1007 1526 1238 1596 mirericordiae;
1264 1541 1356 1599 quem
1376 1526 1513 1598 superius
1542 1528 1657 1582 dixerat
1692 1531 1844 1599 tanquam

1007 1615 1133 1687 figulum
1149 1615 1202 1671 luti
1223 1615 1368 1672 emendem
1386 1630 1481 1671 massa
1504 1617 1602 1676 iacere
1626 1615 1715 1672 alind
1735 1631 1790 1672 une
1814 1619 1844 1672 in

1009 1707 1161 1769 honorem,
1176 1704 1262 1761 uliud
1276 1705 1308 1759 in
1323 1703 1530 1760 contumeliam
1550 1705 1645 1776 (eom,
1660 1720 1700 1770 rx,
1720 1708 1770 1771 22,
1787 1706 1843 1775 21).

1008 1795 1109 1850 llnrito
1124 1797 1225 1850 utitem
1242 1794 1391 1849 videretur
1410 1793 1655 1865 injmtum,quod
1673 1794 1752 1849 liunt
1771 1809 1846 1851 resa

1009 1884 1060 1940 irae
1077 1883 1116 1939 ad
1132 1882 1340 1954 perditionem,
1356 1883 1379 1938 si
1396 1898 1456 1938 non
1471 1887 1550 1939 esset
1562 1883 1628 1954 ipsa
1649 1885 1795 1939 universa
1810 1899 1845 1940 ex

1010 1974 1105 2029 hilam
1121 1987 1220 2028 massa
1239 1971 1393 2028 damnata.
1418 1971 1505 2038 Quod
1520 1986 1589 2041 ergo
1601 1971 1675 2027 liunt
1688 1973 1762 2029 inde
1778 1987 1846 2029 nas-

1010 2063 1106 2118 cendo
1121 2062 1259 2125 veseima,
1275 2061 1400 2132 pertinet
1411 2060 1447 2117 ad
1463 2060 1746 2133 debitampoenam:
1762 2062 1845 2134 qrrod

1011 2156 1110 2208 autem
1132 2152 1209 2206 liunt
1224 2149 1410 2206 renascendo
1427 2165 1501 2206 vasa
1515 2149 1740 2216 misericordiae,
1759 2151 1846 2224 perti·

1010 2239 1111 2297 netad
1128 2238 1291 2295 indebitam
1308 2237 1446 2308 gratiam.

1046 2331 1090 2385 10.
1103 2327 1312 2397 Ostendilergo
1324 2327 1481 2383 [leusiram
1490 2342 1576 2382 suam
1585 2344 1592 2393 ;
1602 2342 1661 2383 non
1670 2327 1778 2400 ulique
1787 2329 1847 2384 ani·

1012 2416 1053 2475 mi
1064 2417 1328 2490 perturbationem,
1339 2416 1414 2472 sicut
1426 2422 1469 2471 est
1478 2432 1545 2487 qtrre
1559 2416 1602 2471 ira
1617 2416 1756 2472 hominis
1770 2434 1846 2473 nun·

1010 2512 1148 2579 cupatur,
1164 2505 1216 2561 sed
1229 2506 1344 2576 justam
1363 2504 1515 2578 fixamque
1530 2504 1707 2574 vindictam,
1721 2508 1797 2579 quia
1811 2507 1847 2562 de

1010 2597 1100 2667 stirpe
1112 2594 1320 2650 inobedientia
1336 2594 1454 2650 ducitur
1466 2610 1601 2667 propago
1617 2597 1733 2666 peccati
1749 2602 1841 2668 atque

1010 2683 1844 2758 suppliciillthnmnnntmenmuliere,sicutinlibrolob

130 2770 198 2827 iecit
211 2786 246 2826 ex
261 2770 332 2827 ilde:
344 2771 531 2842 iustusenim
547 2788 582 2829 ex
596 2773 654 2828 lide
667 2772 872 2845 rivitlHubnc.
881 2775 955 2843 ιι,1).
1010 2773 1358 2848 acriplrrmost,brerieest
1370 2772 1845 2845 eritnetplenneirnrnndiae(lob.

167 2865 194 2918 i.
211 2861 265 2915 Lex
279 2861 605 2918 autemsubintreritut
616 2861 785 2919 abundaret
801 2863 955 2931 delietum;
1010 2880 1068 2930 ιιι,
1088 2869 1110 2929 1,
1126 2879 1181 2919 sec.
1195 2864 1280 2931 Lxx).
1289 2862 1358 2932 Ejus
1373 2861 1453 2916 enim
1469 2861 1572 2918 reives
1588 2866 1642 2928 est,
1654 2877 1719 2933 qua
1735 2864 1845 2935 plenus

130 2952 163 3005 ut
177 2949 438 3022 superabundaret
449 2952 545 3021 gratia
565 2952 659 3022 (Rom.
676 2968 702 3017 v,
728 2955 784 3023 20),
798 2969 851 3024 per
863 2969 957 3026 quam
1011 2957 1073 3009 est:
1087 2951 1165 3007 trude
1178 2951 1228 3006 irae
1244 2949 1479 3006 mendicentur.
1497 2949 1846 3023 Ostenditetpotentiem

130 3043 287 3095 sanaretur
300 3038 398 3095 delicti
418 3040 615 3098 abundantia.
638 3041 667 3097 si
680 3041 760 3097 enim
776 3042 847 3099 datu
880 3048 958 3099 esset
1011 3056 1109 3103 auam,
1123 3040 1266 3112 quabene
1283 3038 1469 3094 etiamutitur
1486 3037 1571 3093 malis
1585 3038 1748 3095 multaillis
1760 3046 1847 3098 natu·

129 3127 176 3184 lex
191 3143 259 3200 qum
277 3128 425 3184 vivificare
455 3135 566 3200 posset,
583 3131 709 3185 omnino
734 3146 769 3186 ex
797 3131 861 3202 lege
881 3137 959 3188 esset
1011 3129 1084 3186 ralia
1098 3134 1126 3184 nt
1141 3126 1316 3199 temporalia
1327 3128 1407 3183 bona
1421 3127 1561 3197 largiens,
1578 3143 1749 3200 eorumque
1762 3130 1847 3186 mali·

128 3216 253 3288 justitia.
268 3219 319 3274 Cui
335 3223 434 3273 tamen
450 3218 596 3274 honoLex
611 3219 682 3276 data
693 3220 729 3275 sit
740 3226 761 3285 ¹,
774 3236 958 3293 consequen·
1011 3220 1084 3274 tiam
1099 3217 1138 3273 ad
1148 3214 1328 3271 exercendos
1342 3222 1368 3271 et
1385 3216 1609 3286 comparatione
1629 3217 1847 3273 admonendos

130 3310 174 3363 ter
188 3306 325 3376 adjunxit
339 3306 515 3364 dicenszseei
528 3310 669 3363 conclusit
684 3309 842 3376 Scriptura
858 3311 958 3367 omniu
1011 3307 1108 3364 bonos
1123 3304 1370 3375 accommodans,
1384 3310 1415 3359 ut
1428 3303 1459 3359 in
1474 3304 1518 3359 cis
1531 3303 1649 3360 discant
1665 3320 1757 3375 agere
1782 3320 1846 3375 gra·

130 3396 320 3466 strepenneio,
336 3402 367 3451 ut
380 3396 533 3464 prontissis
548 3411 585 3453 ea
596 3396 654 3466 ficte
667 3399 736 3452 Jesu
753 3399 866 3455 Cleritie
878 3399 959 3455 ctore-
1013 3393 1223 3466 tiaslleoqnod
1232 3394 1271 3449 ab
1282 3393 1337 3461 eie,
1347 3407 1405 3448 non
1417 3392 1479 3447 suis
1489 3392 1613 3458 meritis,
1622 3409 1691 3465 quae
1700 3394 1848 3450 incudem

131 3489 180 3538 tnr
205 3483 389 3538 credentibus
414 3482 527 3553 (Galat.
545 3499 585 3549 ιιι,
606 3486 650 3548 21,
667 3488 721 3554 2-2).
741 3485 842 3542 Danda
857 3486 958 3558 itaque
1012 3499 1115 3540 massa
1130 3482 1213 3554 paria
1231 3482 1349 3537 luerunt
1362 3486 1383 3547 ¹,
1399 3481 1451 3537 sed
1467 3479 1544 3536 illius
1570 3482 1763 3538 miseratione
1792 3483 1849 3538 dis·

130 3570 226 3629 luerat
241 3572 308 3635 Len,
323 3589 391 3643 quae
406 3572 594 3629 manifestius
611 3574 668 3630 sibi
681 3576 960 3647 ipsumostenderet
1013 3573 1080 3630 creti
1099 3578 1176 3627 sttnl.
1193 3570 1278 3637 Quod
1295 3570 1423 3626 maxime
1435 3574 1560 3642 apparel
1586 3571 1616 3626 in
1640 3571 1788 3641 parvulis,
1811 3571 1847 3626 de

130 3658 296 3726 hominem,
317 3676 353 3715 ne
368 3661 517 3733 superbus
532 3662 652 3718 animus
662 3663 815 3720 humanus
831 3666 958 3737 eseipso
1012 3662 1133 3735 qrribus,
1144 3677 1213 3716 cum
1231 3676 1283 3731 per
1298 3659 1403 3715 Christi
1436 3660 1565 3729 gratiam
1587 3664 1803 3724 renascuntur,
1820 3665 1848 3717 et

133 3763 165 3805 ee
180 3763 270 3819 posse
282 3764 348 3805 esse
359 3749 473 3821 justum
486 3755 612 3823 putaret,
625 3756 653 3807 et
663 3752 807 3822 ignorans
822 3753 958 3824 lleljusti·
1011 3753 1100 3809 istam
1116 3750 1208 3807 vitam
1223 3750 1253 3805 in
1264 3748 1315 3805 illa
1333 3753 1434 3805 tenera
1449 3753 1535 3804 relate
1552 3748 1692 3805 linientes
1706 3749 1737 3805 ιιι
1761 3754 1849 3806 rater-

132 3839 213 3904 tiam,
226 3838 255 3893 id
274 3844 320 3894 est
333 3855 401 3910 qum
414 3840 573 3896 homioiex
586 3844 708 3908 Decest,
722 3846 844 3898 etsnam
856 3843 959 3899 volens
1012 3856 1085 3897 nam
1102 3843 1256 3896 transeunt
1271 3844 1299 3894 et
1315 3837 1447 3905 beatam,
1468 3837 1529 3893 dici
1548 3853 1607 3893 non
1635 3843 1735 3910 potest
1764 3838 1847 3912 quod

130 3928 320 3994 constituere,
336 3928 367 3984 id
378 3934 422 3986 est
433 3930 520 4002 quasi
532 3930 594 3985 suis
609 3929 860 4002 viribuslpartam
874 3933 960 4003 justi·
1013 3929 1107 3986 libero
1128 3928 1336 3984 discernuntur
1351 3926 1473 3983 arbitrio
1487 3926 1525 3982 eb
1537 3926 1602 3982 aliis
1613 3926 1784 3983 infantibus
1798 3930 1849 4001 qni

130 4016 177 4072 tiae
190 4017 238 4071 llel
252 4017 405 4087 subjectus
422 4034 482 4073 non
496 4019 579 4074 lieret
591 4020 686 4091 (item.
697 4036 726 4085 x,
736 4024 773 4077 3t.
794 4021 961 4092 Oportebat
1013 4019 1077 4074 sine
1091 4017 1148 4073 hac
1161 4016 1257 4087 gratia
1269 4016 1299 4072 ιιι
1329 4014 1424 4088 ipsius
1445 4031 1555 4072 massa
1569 4015 1771 4072 damnatione
1787 4033 1849 4073 mo·

130 4104 232 4176 itaque
249 4109 280 4160 ut
299 4105 402 4161 addito
417 4107 561 4162 mandato
577 4108 663 4178 cujus
675 4124 734 4164 vox
748 4110 876 4173 est,Ncn
890 4125 957 4167 con·
1013 4109 1142 4163 riuntur.

132 4193 263 4261 cupierat
278 4193 387 4263 (Eroti.
400 4210 449 4259 xx,
477 4199 528 4265 lit,
550 4195 679 4266 superbo
694 4198 843 4268 peccatori
869 4199 959 4255 etiam
1052 4197 1093 4252 11.
1111 4196 1138 4251 81
1153 4198 1253 4250 autem
1266 4193 1295 4249 hi
1308 4192 1363 4249 soli
1374 4196 1546 4249 crearentur
1560 4208 1596 4248 ex
1609 4192 1718 4261 Adam,
1735 4195 1788 4266 qui
1803 4210 1849 4250 es-

133 4280 392 4353 proeraricutionis
404 4282 516 4338 crimen
532 4284 686 4341 accederet
701 4301 708 4351 ;
729 4292 820 4357 atque
835 4288 876 4343 ita
891 4303 957 4356 gra·
1014 4281 1475 4357 senipergratiemrecreandi‚et
1486 4286 1592 4354 preater
1602 4281 1667 4338 illos
1682 4282 1781 4354 quiin
1799 4282 1848 4339 llei

133 4368 181 4427 tire
189 4369 367 4426 medicinam
380 4387 441 4427 non
452 4376 559 4428 sanata
570 4375 747 4446 perlegam,
760 4375 814 4431 sed
825 4377 961 4434 convicta
1014 4371 1422 4446 liliosadoplantur,nullialii
1434 4371 1571 4427 homines
1585 4376 1792 4437 nascerentur,
1804 4372 1850 4429 la·

133 4459 290 4515 inllrmitas
304 4465 461 4533 quareret.
1014 4460 1765 4535 teretbenellclnmquoddonareturindigois;quin
1783 4462 1849 4517 nul·

169 4552 195 4605 8.
213 4547 349 4615 l'rolnde,
361 4565 429 4605 cum
439 4565 546 4606 omnes
557 4551 640 4622 justi,
657 4552 768 4609 honest
783 4556 960 4613 veraecsDei
1014 4554 1049 4610 lis
1065 4569 1100 4609 ex
1112 4551 1391 4609 eademdamnabili
1406 4551 1496 4621 stirpe
1510 4549 1846 4607 venientibnsdebitum

134 4636 272 4703 cultores,
289 4639 350 4694 sive
365 4643 433 4695 ante
447 4640 699 4711 incarnationem,
712 4643 774 4700 sire
788 4650 854 4717 post
867 4646 961 4701 incar·
1015 4641 1195 4714 supplicium
1212 4640 1394 4697 redderetur.
1416 4640 1488 4695 Cum
1507 4654 1577 4694 vero
1591 4639 1686 4694 attulit
1704 4640 1734 4696 in
1751 4640 1848 4697 multa

135 4725 287 4781 nationem
303 4726 418 4791 Christi,
431 4744 486 4784 nec
503 4728 638 4798 vixerint,
655 4746 709 4787 nec
724 4731 834 4796 vivant,
847 4733 904 4787 nisi
924 4747 960 4787 ex
1015 4731 1158 4803 patientia
1175 4730 1320 4800 veseima,
1333 4745 1401 4802 qum
1422 4728 1555 4799 perlecta
1572 4732 1641 4783 suut
1655 4729 1684 4783 in
1702 4729 1848 4801 perditio·

134 4812 191 4869 ilde
211 4812 428 4872 incarnationis
442 4817 557 4881 Christi,
572 4819 601 4874 in
616 4834 678 4890 quo
691 4826 735 4875 est
747 4821 851 4890 gratiae
866 4820 961 4893 pleni·
1015 4816 1850 4891 nem,nonsolumostenditirametdemonstravitpoten·

135 4901 226 4970 tudo;
240 4902 373 4975 proiecto
386 4905 469 4977 quod
485 4907 629 4978 scriptum
644 4912 697 4976 est,
711 4909 777 4965 Non
795 4925 860 4965 ease
874 4910 961 4966 atiud
1016 4910 1086 4967 tiam
1103 4925 1188 4966 suam
1204 4908 1392 4965 redhibendo
1406 4907 1580 4974 vindictam,
1594 4912 1622 4962 et
1635 4905 1715 4962 bene
1736 4909 1850 4965 rtiendo

135 5006 238 5048 numen
252 4993 494 5065 snbcoelainquc
504 4997 809 5066 oportectenluosfieri
821 4999 959 5070 nosmet.
1015 5017 1075 5057 nou
1088 5000 1185 5064 bunia,
1195 4999 1246 5053 sed
1262 4998 1352 5053 etiam
1365 5003 1451 5053 notas
1461 4996 1529 5052 lecit
1541 4996 1660 5051 divitias
1672 4995 1776 5068 gloriae
1788 5014 1850 5054 sun

135 5096 174 5151 iv,
191 5082 248 5151 te),
265 5097 302 5137 ex
313 5080 362 5136 illo
376 5087 511 5153 tempure
528 5083 653 5140 valetad
669 5084 847 5142 salvandum
865 5103 961 5157 genus
1015 5090 1044 5145 ιιι
1060 5104 1131 5144 rasa
1147 5087 1416 5143 misericordiaelta
1431 5087 1510 5141 enim
1525 5086 1598 5157 quid
1614 5091 1774 5155 priestehrr
1794 5087 1851 5143 sihi

135 5168 357 5231 humanumer
374 5171 471 5244 quoin
486 5171 582 5228 Adam
595 5173 732 5229 vitiatum
746 5180 891 5243 estgenus
907 5175 961 5231 hu-
1015 5179 1088 5233 dicit
1099 5177 1188 5247 gratis
1200 5176 1395 5246 justitie-atus,
1413 5175 1486 5231 dum
1503 5189 1562 5229 non
1579 5189 1634 5228 suo
1647 5173 1768 5240 merito,
1796 5176 1852 5231 sed

138 5273 274 5314 manum.
291 5259 367 5316 Sient
389 5261 468 5318 enim
496 5262 527 5317 in
542 5262 637 5317 ,ldnm
657 5277 756 5319 omnes
778 5264 961 5331 utoriuntur,
1016 5267 1111 5339 gloria
1124 5265 1301 5336 largissimae
1318 5264 1368 5319 Del
1393 5263 1606 5320 misericordiae
1633 5262 1853 5322 discernitura

135 5345 179 5401 ilc
194 5348 264 5403 etin
282 5348 396 5405 Christo
411 5365 510 5407 omnes
529 5351 769 5419 vivificabantur.
791 5353 866 5418 Quia
886 5353 962 5410 sicut

1047 5438 1054 5469 ¹
1072 5435 1205 5485 Victorius
1219 5434 1303 5485 codex
1318 5434 1408 5483 nolnit.
1423 5434 1514 5485 Germ.
1536 5437 1562 5483 et
1578 5432 1668 5490 Corb..
1680 5435 1768 5485 norit.

1047 5498 1140 5547 ¹Unus
1153 5500 1211 5548 l'at.
1226 5496 1310 5546 codex
1327 5496 1392 5556 :Oui
1406 5498 1434 5545 in
1448 5496 1535 5545 endem
1548 5510 1631 5545 neaera
1643 5511 1722 5559 poree
1731 5499 1853 5610 §nerunt

167 5558 230 5607 ‘Sic
246 5561 303 5609 llas.
351 5566 542 5616 urcsmelioris
560 5571 640 5625 notua,
660 5568 841 5619 necnonBed.
860 5569 917 5618 hm.
936 5573 963 5620 et
1016 5561 1090 5610 Alter
1104 5561 1174 5618 Vnt..
1191 5576 1282 5624 quere...
1303 5561 1413 5622 pariter,
1424 5564 1474 5609 ete.
1489 5558 1605 5622 Ed.,qui
1620 5560 1710 5621 parin-
1751 5562 1851 5613 adme.

137 5618 180 5671 Er.
196 5622 229 5671 ιι
243 5621 309 5673 nov.
321 5576 406 5676 habet
424 5643 429 5675 :
446 5629 495 5688 uus
509 5630 594 5680 tomen
609 5645 688 5695 quare
705 5631 744 5682 tec
758 5631 828 5683 eona
841 5632 903 5683 ron
919 5632 961 5683 an.
1017 5623 1070 5674 lius
1082 5622 1144 5672 uss.
1163 5622 1351 5687 uuuutnlurra
1368 5636 1422 5687 rsoe
1435 5622 1514 5686 parta
1528 5635 1537 5679 ;
1550 5621 1660 5681 scilicet,
1678 5624 1787 5675 merita.

169 5497 175 5524 ¹
191 5496 252 5547 bles.
264 5499 383 5610 pleritlue
395 5506 550 5554 constanter
559 5503 668 5561 hebent,
684 5505 713 5554 in
728 5519 839 5554 carnem.
