3952 6128
142 174 198 233 666

141 298 183 357 66
197 297 323 365 discam,
338 298 364 356 si
378 298 491 356 nullam
515 300 553 358 de
572 301 624 359 itta
639 305 804 377 peccatrice
818 302 965 377 originem

140 387 233 455 ducit,
253 404 322 461 quae
347 404 440 445 causa
456 389 494 447 sit
516 390 624 448 animae
646 393 793 451 subeundi
820 388 964 465 originale

139 482 308 550 peccatum,
325 478 407 550 quod
422 494 543 536 necesse
557 486 602 538 est
616 497 683 538 esec
698 484 728 540 in
740 483 883 540 omnibus
894 495 966 553 par-

139 564 237 631 vulis3
252 570 355 638 etque
376 583 442 624 eam
459 584 513 625 uec
528 568 607 627 Deus
623 571 703 642 cogit
717 573 877 636 insontem,
892 569 965 641 quia

138 653 285 726 peccandi
295 660 399 711 auctor
412 672 472 712 nou
487 662 601 724 estnec
615 659 755 718 ullamoli
766 658 964 731 natura,qnia

137 758 198 809 non
211 748 255 800 est
271 761 278 811 ;
292 743 365 799 nihil
376 744 433 800 talc
446 746 728 819 audeoproedicare.

174 836 218 887 22.
234 835 272 889 Tc
287 837 398 899 autem,
414 833 438 889 31
451 834 577 892 libenter
592 837 639 893 vel
658 837 805 910 patienter
819 835 962 903 admittis,

136 920 312 977 charissime
325 920 424 989 irater,
438 922 588 981 admoneo
597 940 633 981 ne
645 925 779 982 heresim
790 941 899 982 noram
910 924 964 980 mi·

136 1025 195 1065 nus
210 1013 314 1066 cautus
327 1010 474 1077 incurras,
487 1027 555 1085 quae
565 1013 780 1087 antiquissimas
794 1014 865 1070 fidei
873 1012 964 1070 stabi·

135 1098 322 1155 litamolltur
346 1098 544 1157 fundamenta
566 1102 732 1160 convellere
752 1102 898 1160 adversus
913 1103 964 1159 Dei

135 1186 263 1258 gratiam
277 1187 473 1260 disputando,
497 1205 590 1262 qnam
608 1192 751 1248 Dominus
765 1191 896 1249 Christus
910 1208 964 1264 pu·

136 1273 212 1331 siliis
225 1280 254 1333 et
268 1277 385 1346 magnis
400 1276 542 1334 ineffabili
555 1278 689 1337 bonitate
714 1280 838 1351 largitur
854 1303 860 1337 :
877 1281 963 1352 cujus

136 1364 181 1421 vel
197 1370 334 1421 auctores
360 1365 405 1421 rel
422 1370 500 1423 certe
517 1369 653 1425 acerrimi
677 1369 884 1442 notissimique
897 1385 965 1426 sua·

135 1469 228 1522 sores,
246 1470 314 1510 oum
331 1453 468 1525 Pelagius
482 1463 511 1513 et
527 1457 667 1513 celestius
684 1458 874 1523 exstitissent,
894 1474 963 1514 con·

134 1541 270 1598 ciliorum
283 1542 499 1615 episcopalium
515 1545 669 1615 vigilantia
686 1546 717 1603 in
732 1546 881 1618 adjutorio
903 1545 964 1603 Sal·

133 1631 247 1687 vetoris
256 1631 404 1703 quisuam
415 1637 512 1688 tuetur
526 1633 696 1702 6661631616,
709 1636 800 1691 etiam
812 1650 831 1691 a
845 1634 963 1690 duobus

132 1718 356 1776 venerabilibus
371 1721 553 1778 antistitibus
574 1723 855 1795 apostolicaesedis,
883 1739 963 1796 papa

135 1808 310 1865 Innocentio
321 1814 350 1866 et
363 1826 443 1883 papa
459 1810 587 1877 zosimo,
599 1812 656 1867 nisi
664 1812 787 1868 correcti
797 1813 886 1869 etiam
898 1829 963 1885 ege·

134 1896 195 1955 rint
215 1897 431 1970 poeniteutiam,
462 1903 523 1955 toto
547 1899 709 1957 christiano
734 1900 807 1957 orbe
826 1900 963 1958 damuati

136 1991 215 2044 suut.
225 1988 264 2042 tte
272 1986 382 2058 quibus
392 1987 530 2059 exempla
541 1989 888 2057 recentiumlittcrarum,
900 1991 962 2046 sive

136 2091 205 2149 quae
220 2076 387 2148 specialiter
400 2077 438 2133 ad
447 2077 541 2147 hiros,
554 2079 616 2135 sive
629 2095 696 2152 quie
708 2079 913 2136 universaliter
923 2080 961 2136 ad

138 2180 245 2221 omnes
257 2165 415 2237 episcopos
426 2165 463 2222 de
473 2173 639 2224 memorata
654 2168 728 2224 Sede
742 2171 912 2234 manarunt,
925 2184 962 2225 ue

136 2251 212 2310 forte
225 2253 265 2310 ad
276 2259 405 2310 vestram
413 2253 606 2312 Sanctitatem
619 2256 752 2312 nondum
762 2256 961 2329 pervenerint,

135 2340 224 2397 vobis
237 2342 409 2399 curavimus
425 2343 501 2399 mitti
526 2343 564 2400 ab
577 2344 621 2399 eis
643 2344 781 2401 iratribus
799 2345 911 2418 quibus
934 2348 963 2402 et

134 2431 193 2488 has
207 2430 329 2497 litteras,
346 2435 379 2487 ut
402 2437 460 2488 tuae
475 2433 665 2492 Veneralioni
689 2433 861 2505 dirigerent,
881 2432 962 2490 dedi·

135 2536 215 2576 mus.
230 2522 261 2576 tli
277 2527 378 2577 autem
389 2537 450 2577 nou
460 2522 528 2577 ideo
539 2528 609 2578 suut
623 2522 763 2586 haeretici,
777 2523 849 2596 quia
859 2524 963 2580 dieunt

135 2610 254 2667 animas
264 2610 410 2681 originem
425 2610 463 2667 de
475 2611 526 2667 illa
537 2611 634 2683 prima
647 2613 812 2684 peccatrice
827 2628 888 2669 non
909 2612 963 2669 du·

134 2714 213 2764 cere,
228 2699 310 2771 quod
322 2700 368 2756 vel
383 2698 485 2772 aliqua
494 2699 620 2756 fortasse
632 2700 826 2758 rationerera
839 2700 897 2758 6161
911 2717 962 2773 po·

134 2793 204 2857 test,
215 2788 263 2844 vel
276 2789 339 2845 siue
354 2788 424 2844 11661
437 2787 503 2845 labe
516 2788 626 2845 nesciri
641 2807 648 2845 ε
665 2789 719 2846 366
734 2789 803 2846 hinc
816 2798 963 2847 conantur

133 2877 251 2934 efficere
262 2878 354 2950 (uude
364 2877 490 2934 omnino
502 2879 682 2950 apertissimi
690 2879 963 2951 haerelioijudicau·

133 2966 193 3038 tur)
216 2968 333 3023 animas
348 2966 542 3039 porvulorum
558 2967 631 3023 nihil
648 2968 718 3025 mali
739 2983 775 3024 ex
792 2968 963 3027 66661116-

132 3055 216 3122 here,
231 3055 314 3129 quod
335 3055 372 3111 sit
386 3055 506 3111 lavacro
521 3056 753 3125 regenerationis
768 3056 960 3130 expiandum.

133 3146 210 3201 Nam
223 3143 330 3214 Pelagii
341 3143 378 3200 de
389 3143 446 3201 hac
458 3160 489 3199 re
501 3145 732 3217 argumentatio,
742 3161 808 3218 quae
817 3145 893 3203 iuter
903 3146 962 3204 alia

133 3233 200 3305 ejus
210 3233 397 3290 damnabilia
408 3234 496 3289 etiam
508 3232 610 3290 litteris
624 3234 800 3305 apostolicae
815 3234 900 3291 Sedis
910 3236 961 3293 ad·

130 3322 237 3394 juncta
251 3326 306 3388 est,
320 3323 361 3378 ita
376 3338 407 3378 se
423 3322 529 3378 habel:
552 3323 587 3380 Sl
600 3323 715 3394 aalma,
729 3324 836 3396 iuquit,
853 3339 890 3382 ex
903 3331 961 3382 tro·

132 3410 209 3468 doce
222 3417 340 3476 nonest,
354 3410 405 3467 sed
413 3412 478 3467 solo
492 3425 563 3467 coro
576 3415 691 3467 tentum
704 3410 792 3469 tolet
805 3414 960 3471 traducem

130 3501 248 3570 peccati
264 3501 352 3570 ,·solo
371 3515 441 3570 erpo
458 3515 573 3569 ponam
589 3507 729 3556 meretur.
745 3500 898 3570 lnjnstum
918 3506 961 3559 est

131 3588 210 3644 enim
225 3594 258 3645 nt
270 3588 357 3645 hodie
371 3595 443 3645 noto
457 3588 625 3645 animanon
639 3604 677 3646 en
691 3604 790 3646 massa
803 3590 887 3656 Atta,
899 3598 959 3648 tam

130 3680 288 3748 onliqnnm
303 3684 456 3748 percolunt
478 3682 577 3748 portet
604 3680 739 3736 alienum
758 3696 769 3746 ,·
785 3680 857 3752 pota
874 3680 960 3738 nullo

131 3766 250 3823 ratione
259 3768 428 3823 conceditur
442 3775 474 3823 nt
489 3767 568 3823 Dens
580 3768 765 3838 ooiproprio
778 3775 902 3837 peceato
916 3769 958 3824 oli·

129 3855 234 3921 mittit,
250 3872 343 3912 unum
354 3855 480 3925 imputet
495 3856 639 3913 alienum.

166 3947 211 4000 ta.
226 3944 255 4001 Si
268 3959 338 4016 ergo
350 3945 390 4001 ita
400 3950 485 4016 potes
498 3945 668 4001 animarum
684 3959 815 4002 asserere
826 3945 889 4002 siue
900 3945 961 4004 ulla

130 4033 300 4105 propagine
324 4034 497 4100 novitatem,
513 4039 545 4090 ut
568 4033 683 4091 ratione
701 4035 787 4107 justa
806 4039 834 4092 et
860 4050 878 4092 a
901 4035 960 4092 tide

129 4121 278 4180 catholica
297 4138 357 4180 nou
380 4123 489 4190 aliena,
505 4123 595 4180 etiam
610 4123 652 4179 sio
667 4128 792 4196 peccato
806 4124 894 4197 primi
908 4124 962 4181 ho·

128 4211 221 4269 minis
237 4212 432 4269 ostendantur
447 4212 611 4281 obnoxiae3
633 4228 732 4270 assere
753 4213 836 4286 quod
856 4214 959 4283 sentis,

128 4306 163 4359 ut
174 4306 269 4374 potes.
286 4302 314 4358 Si
330 4305 430 4358 autem
444 4316 505 4359 non
517 4317 568 4359 eas
582 4301 666 4358 aliter
678 4307 762 4375 potes
778 4318 960 4375 apropega·

127 4390 208 4447 tione
223 4391 321 4448 facere
335 4390 461 4457 alienas,
482 4391 541 4447 nisi
556 4397 587 4448 ut
603 4390 693 4447 simul
708 4390 801 4448 iacias
815 4391 855 4448 ab
876 4392 960 4449 omni

127 4479 243 4553 peccati
255 4478 375 4536 vinculo
383 4479 494 4536 liberas
504 4496 511 4547 ;
520 4480 626 4536 cohibe
639 4480 712 4537 teob
720 4480 960 4552 hujusmodidis·

127 4569 285 4642 putatione
299 4567 486 4625 omnimodo.
503 4569 565 4626 Non
583 4573 626 4626 est
641 4569 721 4625 enim
735 4568 811 4626 falsa
825 4570 914 4625 etiam
929 4569 960 4626 in

128 4657 328 4732 parvulorum
342 4656 524 4731 baptismale
537 4658 675 4714 remissio
688 4661 892 4730 peccalorum,
906 4672 961 4714 nec

127 4746 221 4804 verbo
236 4752 324 4803 tenus
338 4747 457 4814 dicitur,
478 4747 530 4803 scd
546 4747 689 4803 veraciter
712 4746 820 4817 agitur.
837 4745 913 4803 Nam
929 4751 961 4802 ut

125 4837 191 4908 jam
214 4836 313 4893 verbis
328 4840 405 4903 utar,
435 4853 503 4909 qnoe
529 4837 641 4908 inipso
657 4834 783 4908 epistola
795 4833 961 4892 beatissimi

127 4924 266 4982 antistitis
280 4925 388 4981 Zosimi
397 4925 537 4997 leguntur
551 4940 558 4978 z
572 4924 684 4981 Fidelis
699 4923 841 4981 Dominus
852 4924 883 4980 in
898 4939 961 4982 vet·-

129 5013 255 5079 6133613,
266 5016 386 5085 ejnsqne
397 5013 957 5084 66616633666666661666,ορενε,

128 5102 313 5173 consessione
323 5110 349 5160 et
360 5104 531 5161 remissione
541 5118 612 5161 vera
622 5108 823 5174 peccatoram,
836 5102 869 5159 in
879 5102 960 5160 omni

127 5207 212 5259 seco,
229 5198 326 5258 aetate,
343 5193 512 5250 conditione
535 5194 653 5264 pencris
675 5193 801 5250 hermani
826 5193 958 5250 eamdem

126 5282 344 5353 plenitudinem
361 5289 449 5339 tenet.
465 5283 577 5339 Nullus
598 5283 675 5339 enim
698 5282 757 5339 nisi
778 5281 831 5355 qul
841 5281 960 5353 peccati

127 5386 232 5429 366663
242 5377 296 5438 est,
304 5371 380 5429 liber
390 5373 533 5443 efficitur,
545 5388 599 5429 nee
609 5372 775 5442 redemptus
786 5371 957 5442 dicipulest,

126 5462 187 5519 nisi
201 5464 254 5533 qui
269 5476 336 5519 vere
356 5477 412 5531 per
428 5467 582 5534 peccalum
607 5461 704 5531 suerit
727 5467 797 5518 onte
810 5460 956 5530 captione,

126 5550 203 5607 sicut
219 5550 437 5621 scriptumest:
449 5552 569 5608 «Sinos
583 5550 679 5606 Filios
689 5549 871 5616 liberaverit,
890 5563 957 5606 vere

127 5639 215 5698 liberi
224 5640 329 5697 eritis»
344 5641 443 5713 (loon.
455 5656 515 5706 viu,
524 5641 579 5711 36).
591 5640 650 5697 Per
661 5639 759 5711 ipson
770 5640 847 5697 enim
856 5652 957 5697 renas·

767 168 1017 237 nrtsrohatturt
1038 164 1185 231 classis
1204 172 1252 230 111.

1794 182 1849 241 866

1019 298 1848 375 61666366116611163,63616316666661116166666666.

1018 387 1117 457 Ipsius
1133 394 1237 453 morte,
1258 388 1361 445 mortis
1381 389 1418 445 66
1440 386 1538 447 Adam
1554 393 1688 449 omnibns
1703 394 1849 451 6661316-

1018 477 1163 533 troducta
1186 482 1274 549 otpne
1293 477 1474 535 transmissa
1487 480 1634 537 anniversa
1647 483 1754 540 66166
1768 484 1850 541 illud

1015 565 1184 636 propagine
1196 570 1382 623 contractum
1394 567 1627 639 clriropropltnrn
1639 572 1800 643 recipitur,
1815 574 1848 631 in

1016 669 1075 725 qno
1096 655 1674 730 6611636661666616166,66166666
1692 676 1747 729 per
1765 663 1849 732 Bap-

1018 743 1137 800 tismnm
1149 743 1302 811 liberetur,
1318 760 1377 800 non
1394 749 1510 801 tenetur
1524 746 1669 803 obnoxios
1684 749 1736 821 (a).
1754 750 1785 806 ln
1801 750 1849 806 his

1016 831 1117 888 verbis
1129 832 1301 905 apostolicae
1312 832 1397 889 Sedis
1406 838 1466 889 tem
1478 834 1699 908 antiquaatque
1711 837 1847 905 lundata,

1019 924 1136 978 certaet
1148 920 1230 977 clara
1244 924 1289 977 est
1298 921 1449 979 catholica
1461 922 1548 991 tides,
1564 925 1736 983 utneiassit
1746 927 1783 984 de
1798 927 1849 985 illa

1020 1007 1159 1066 dubitare
1172 1008 1348 1068 christiano.

1052 1100 1097 1154 nt.
1115 1098 1264 1163 Quoniam
1279 1114 1350 1171 ergo
1366 1104 1460 1156 morte
1475 1101 1592 1168 Christi,
1608 1117 1671 1159 uon
1685 1103 1776 1159 66163
1791 1108 1845 1161 661

1019 1184 1203 1258 aliquarum,
1229 1186 1281 1242 sed
1308 1187 1454 1244 universa
1473 1189 1583 1245 661666
1598 1192 1765 1263 propagine
1778 1208 1848 1250 con·

1020 1277 1148 1330 tractum
1165 1275 1268 1330 mortis
1284 1275 1519 1348 chirographum
1534 1279 1683 1350 rumpitur
1699 1296 1706 1334 ε
1723 1281 1747 1336 31
1761 1288 1847 1352 poles

1019 1362 1312 1421 animassicalienas
1323 1365 1516 1437 apropagiuc
1527 1366 1696 1435 defendere,
1707 1374 1845 1428 uttamen

1016 1450 1075 1506 hoc
1089 1451 1300 1524 chirographo,
1315 1452 1398 1525 quod
1409 1453 1472 1509 sola
1485 1454 1588 1511 Christi
1603 1463 1694 1514 morte
1706 1474 1848 1531 rumpen-

1018 1538 1093 1595 dum
1106 1544 1159 1605 cst,
1168 1539 1335 1597 rectissima
1344 1541 1460 1597 ratione
1470 1543 1715 1602 demonstrentur
1725 1547 1847 1606 obstric-

1018 1633 1064 1696 tae,
1079 1643 1133 1684 nec
1147 1645 1201 1685 sua
1214 1630 1391 1701 propagine,
1406 1630 1457 1685 sed
1473 1631 1572 1687 carnis
1586 1633 1644 1689 hoc
1657 1634 1759 1691 debito
1767 1636 1846 1708 juste

1017 1716 1331 1790 apparcautobligatae
1342 1735 1349 1774 :
1362 1734 1423 1775 nou
1434 1719 1530 1776 solum
1538 1722 1657 1778 nemine
1669 1724 1847 1795 prohibente

1017 1804 1155 1870 deiende,
1165 1821 1268 1862 verum
1281 1807 1370 1864 eliam
1382 1807 1411 1863 id
1421 1808 1507 1865 uobis
1520 1811 1676 1882 quomodo
1687 1817 1784 1870 tecum
1796 1815 1846 1871 de·

1016 1892 1142 1950 tendere
1167 1895 1320 1967 possimus
1344 1897 1479 1953 ostende.
1494 1899 1524 1955 Si
1544 1905 1646 1956 autern
1670 1901 1754 1959 aliter
1779 1918 1842 1959 non

1017 1988 1116 2055 potest
1129 1984 1256 2055 quoddo
1271 1984 1688 2059 animarumnovitutesentis,
1698 2006 1844 2062 asserere,

1016 2072 1074 2129 nisi
1089 2077 1123 2129 ut
1134 2088 1185 2129 eas
1198 2073 1280 2130 dieas
1291 2079 1414 2146 peccato
1425 2076 1513 2148 primi
1527 2076 1844 2151 homiuisuouteneri;

1018 2168 1069 2217 aut
1083 2177 1136 2234 per
1151 2162 1348 2235 propaginem
1371 2178 1432 2219 non
1452 2181 1549 2231 suam,
1569 2168 1622 2223 sed
1641 2168 1752 2239 caruis,
1773 2186 1846 2226 aue-

1019 2254 1080 2307 tore
1092 2252 1161 2313 1166,
1178 2250 1223 2306 rel
1238 2252 1338 2307 nescio
1351 2254 1490 2324 quamati
1504 2261 1621 2323 natura,
1634 2256 1845 2315 innocentissi-

1018 2355 1084 2396 mas
1098 2338 1163 2395 fieri
1178 2340 1357 2411 peccatrices
1374 2357 1380 2397 :
1404 2341 1511 2398 melius
1533 2344 1617 2414 origo
1633 2346 1742 2403 animae
1761 2348 1842 2414 latet.

1018 2428 1091 2484 dum
1115 2432 1214 2485 tamen
1232 2445 1300 2485 eam
1323 2445 1384 2485 nou
1408 2430 1579 2489 dubitemus
1603 2434 1654 2490 Dei
1679 2451 1744 2491 ease
1763 2453 1844 2494 crea·

1017 2522 1128 2582 turam,
1141 2533 1235 2589 quam
1248 2517 1296 2573 vel
1309 2519 1388 2574 Deus
1401 2521 1516 2592 peceati
1528 2527 1633 2578 auctor
1647 2524 1772 2593 dicatur,
1796 2526 1844 2584 vel

1016 2610 1121 2663 contra
1137 2608 1229 2662 ticum
1246 2605 1343 2664 aliena
1358 2609 1429 2664 mali
1444 2615 1551 2667 natrua
1566 2611 1781 2681 introducatur,
1797 2615 1844 2673 vel

1016 2695 1172 2768 baptisma
1185 2696 1382 2768 parvulorum
1396 2698 1511 2754 irritum
1525 2700 1663 2759 ducatur.

1051 2785 1096 2839 26.
1110 2786 1288 2842 Utuutemet
1301 2787 1601 2846 ametuatlllectiode
1610 2790 1843 2866 lraecquaestioue

1016 2872 1132 2945 aliquid
1147 2873 1250 2930 audiat
1266 2873 1434 2940 delinitum,
1446 2892 1507 2932 nou
1520 2879 1602 2949 parvi
1619 2880 1842 2951 estimandum,

1014 2961 1077 3018 imo
1092 2963 1755 3037 praecipuenecessariumatqueretineudum,
1766 2988 1843 3043 quo·

1015 3050 1181 3107 modolibet
1198 3067 1229 3108 se
1244 3052 1327 3121 origo
1346 3051 1458 3109 habeut
1475 3054 1657 3121 animarum,
1674 3057 1778 3115 siveer
1793 3060 1844 3117 illa

1015 3155 1087 3206 una,
1107 3139 1217 3196 siveex
1239 3140 1322 3197 nulla
1341 3140 1401 3198 alia
1428 3149 1634 3215 propagentur
1651 3164 1658 3213 ;
1675 3146 1843 3205 ltlcdiatoris

1015 3232 1115 3285 161666
1131 3230 1267 3286 animam
1283 3228 1399 3286 nullum
1419 3246 1455 3287 ex
1474 3231 1569 3288 Adam
1597 3235 1720 3291 traxisse
1736 3252 1843 3308 pecca·

1014 3321 1078 3376 tum
1091 3317 1230 3376 dubitare
1240 3317 1288 3375 ias
1300 3334 1361 3375 non
1374 3325 1427 3376 est.
1443 3319 1472 3377 Si
1487 3321 1567 3377 euim
1590 3321 1672 3379 nulla
1691 3340 1841 3398 propaga-

1014 3409 1063 3464 tur
1077 3424 1114 3465 ex
1125 3408 1230 3476 altera,
1242 3407 1293 3465 ubi
1303 3424 1410 3465 omnes
1425 3413 1562 3467 tenentur
1573 3419 1742 3486 propagata
1752 3432 1842 3474 carno

1014 3497 1129 3570 pcccati
1142 3499 1150 3533 ¹
1170 3513 1176 3552 :
1191 3503 1304 3569 quanto
1319 3498 1418 3554 minus
1428 3499 1612 3556 credendum
1624 3506 1669 3557 est
1682 3518 1718 3558 ex
1734 3519 1843 3578 propa·

1014 3586 1083 3656 gine
1099 3586 1272 3659 peccatricis
1283 3587 1416 3643 animam
1429 3588 1529 3643 venire
1540 3591 1685 3661 potuisse,
1698 3592 1843 3664 6616366-

1014 3691 1048 3732 ro
1063 3674 1144 3731 venit
1155 3691 1190 3730 cx
1207 3676 1329 3745 virgine,
1341 3692 1401 3732 nou
1416 3675 1540 3733 libidine
1553 3683 1699 3752 concepta
1711 3682 1841 3752 sedtide,

1015 3768 1047 3819 ut
1061 3767 1139 3819 esset
1153 3764 1183 3819 in
1199 3763 1393 3820 similitudine
1413 3764 1512 3820 carnis
1536 3767 1650 3837 peccati
1667 3770 1840 3839 (1166666,

1014 3852 1053 3924 3),
1067 3851 1168 3907 66616
1183 3867 1273 3908 carne
1284 3852 1398 3924 peccati
1412 3852 1419 3907 l
1434 3853 1463 3907 Si
1477 3858 1576 3908 aulem
1598 3861 1721 3926 peccato
1738 3858 1842 3930 primae

1014 3941 1123 3997 anima
1134 3940 1306 4013 peccatricis
1326 3939 1394 3996 ideo
1411 3945 1524 3997 craterae
1542 3946 1678 3999 leuentur
1690 3945 1839 4013 obnoxiae,

1013 4030 1087 4103 quia
1095 4029 1262 4086 axillasunt
1272 4034 1445 4102 propagatae
1455 4046 1462 4097 ;
1474 4031 1606 4103 prolecto
1618 4032 1770 4106 illaquam
1783 4036 1841 4093 sibi

1015 4118 1188 4190 [inigenitus
1199 4118 1838 4191 coaptavit,autpeccatumlndeuontranit,

1014 4206 1196 4264 automniuo
1211 4205 1281 4263 inde
1299 4221 1361 4263 non
1380 4212 1474 4264 tracta
1494 4214 1549 4264 est.
1566 4212 1667 4281 Neque
1687 4211 1767 4269 euim
1779 4228 1842 4270 non

1013 4297 1110 4371 poluit
1135 4297 1271 4354 animam
1285 4296 1342 4352 sibi
1354 4297 1471 4354 trahere
1490 4299 1695 4372 ainepeccato,
1710 4302 1762 4367 uui
1779 4304 1837 4360 sol-

1014 4387 1056 4443 vit
1070 4390 1171 4443 nostra
1185 4391 1309 4459 peccata
1324 4402 1332 4452 ;
1348 4391 1400 4443 aut
1410 4387 1462 4459 qui
1472 4402 1581 4444 noram
1598 4391 1744 4446 creavilei
1756 4392 1839 4448 carui

1013 4492 1105 4550 quam
1116 4475 1425 4548 siuepareutelecitex
1437 4480 1524 4544 terra,
1542 4492 1602 4533 non
1617 4479 1714 4551 potuit
1728 4495 1840 4538 noram

1014 4563 1747 4637 crearecarniquamsinevirosumpsitexfemina.

1049 4657 1094 4709 26.
1110 4652 1431 4725 Hoecsicutpotni,uon
1441 4653 1564 4725 quidem
1574 4654 1611 4711 66
1625 4672 1673 4711 me
1686 4656 1840 4727 datis‚sed

1013 4745 1114 4800 tamen
1123 4742 1161 4798 nd
1170 4740 1365 4798 charissimos
1379 4748 1498 4799 nostros
1510 4743 1680 4801 sanctitatis
1694 4754 1752 4804 tura
1767 4749 1840 4806 litte·

1013 4832 1063 4900 ris,
1075 4846 1135 4888 non
1145 4829 1603 4903 6661166666]66316666311,366
1616 4835 1840 4894 sollicitadilec·

1044 4960 1052 4991 ¹
1069 4958 1130 5007 blas.
1146 4960 1258 5020 septem,
1271 4960 1422 5020 propagato
1434 4970 1511 5006 earne
1522 4959 1639 5019 peceati:
1657 4960 1746 5010 minua
1762 4960 1840 5019 bene,

1012 5020 1120 5071 16616131
1132 5019 1243 5083 vulgata
1256 5018 1334 5069 lectio
1347 5021 1417 5069 haud
1435 5021 1501 5069 satis
1513 5020 1618 5083 integra
1629 5022 1760 5072 videatur.
1776 5024 1841 5075 For-

1012 5086 1075 5133 tonn
1092 5086 1154 5194 post
1168 5086 1294 5140 tenentur,
1306 5082 1487 5146 supplendum
1498 5086 1546 5140 631,
1561 5097 1623 5136 rete.

1056 5147 1080 5209 o)
1118 5145 1220 5195 osimus
1234 5144 1390 5195 Innocentio
1415 5142 1535 5194 Pontifici
1551 5158 1594 5193 an·
1612 5146 1660 5194 117
1684 5146 1841 5207 succedens,

1012 5148 1337 5270 deludituratiquanuiua
1350 5206 1498 5278 Pelagianis
1510 5222 1516 5259 ;
1527 5220 1621 5255 verum
1633 5210 1769 5279 rescriptis
1777 5212 1842 5261 Atri-

1012 5284 1141 5323 canorum
1156 5269 1275 5325 Petrum,
1290 5272 1317 5318 et
1333 5268 1425 5318 habito
1442 5267 1551 5317 domurn
1567 5271 1693 5319 severiori
1706 5274 1839 5333 oramine,

1012 5335 1110 5385 certior
1118 5333 1206 5382 lactus
1217 5332 1250 5382 tle
1260 5332 1382 5395 ipsorum
1393 5330 1497 5387 haeresi,
1506 5332 1666 5381 senteutiam
1681 5334 1708 5382 in
1722 5348 1768 5385 eos
1776 5335 1842 5386 dicit

1012 5400 1075 5447 ante
1090 5396 1208 5445 medium
1224 5407 1268 5443 an.
1292 5394 1347 5448 llll,
1365 5393 1463 5442 omissa
1485 5406 1534 5456 per
1547 5394 1704 5444 universum
1720 5396 1841 5447 christia·

1011 5472 1078 5508 num
1094 5457 1187 5507 orbem
1200 5456 1346 5511 Tractoria,
1361 5458 1391 5503 ut
1406 5458 1485 5505 vocat
1497 5454 1629 5506 Mercator
1638 5458 1665 5506 in
1678 5458 1838 5510 Commonit.

1011 5522 1055 5572 63
1067 5535 1072 5569 :
1084 5520 1161 5584 cujus
1171 5519 1314 5568 Trecloriru
1323 5517 1505 5628 fragmentum
1514 5517 1557 5568 hic
1567 5517 1659 5576 habes,
1671 5523 1840 5585 pratoialto·

1340 5592 1356 5629 a

1010 5597 1071 5634 rum
1080 5582 1208 5656 perbreve
1218 5580 1332 5652 relatum
1390 5592 1500 5650 respero
1510 5580 1536 5628 in
1552 5582 1701 5645 appendice
1717 5586 1838 5647 epistolia

1010 5646 1147 5698 Goelestrnr
1161 5644 1195 5695 66
1207 5655 1348 5709 episcopos
1363 5640 1472 5692 odiro:
1488 5645 1584 5694 caetera
1593 5656 1648 5695 uon
1657 5649 1774 5699 exstant.
