3952 6128
619 152 871 217 sustentauit
889 152 1035 214 CLASSlS
1055 156 1105 215 111.
1657 154 1711 222 682

109 275 369 354 pronuntiabatur,
378 275 699 353 attejamlactanobis
711 296 828 341 annun·
881 278 960 338 lente
973 281 1058 350 dixit,
1070 281 1125 340 sed
1136 299 1247 357 menno
1260 295 1328 343 voce
1338 282 1488 355 clamavit,
1503 288 1624 357 Lesura
1642 289 1710 348 veni

109 369 828 445 ettemporevetarieteatamantivelabatur,que
878 370 965 441 soros
980 370 1078 440 (loon.
1090 387 1131 439 ιι,
1151 373 1209 445 ts).

109 458 827 534 ¹cltlovi'leatamentirevelatur;ideoejussaera·
919 463 962 517 tc.
977 461 1039 519 Lea
1053 476 1124 533 erpo
1133 462 1313 519 subintravit
1328 469 1360 520 ul
1373 462 1710 525 abundaretdelictum:

112 548 228 607 variata
240 552 320 613 sunt,
342 552 373 605 ut
387 546 446 604 alia
458 552 558 606 essent
571 547 603 608 in
616 550 711 608 veteri
727 552 827 607 testa·
881 548 1018 606 sirecum
1032 550 1172 609 homines
1187 550 1342 625 negligunt
1355 553 1439 625 quod
1452 554 1529 611 Dens
1538 554 1708 626 jubet‚·aive

122 636 511 703 allainllovoccumtides
526 637 764 712 ipsavarianon
779 637 825 705 sit,
881 653 951 696 cum
964 639 1071 697 deruis
1084 640 1196 699 viribus
1207 646 1436 714 presumentes,
1445 644 1631 716 adjutorium
1640 661 1708 718 gra·
1768 676 1773 681 ·

108 726 189 785 avit:
201 725 275 800 quia
288 725 366 784 sicut
378 725 410 783 in
422 726 520 784 Adam
531 742 631 785 omnes
642 727 825 797 moriuntur,
881 727 1205 803 tianonimploraut‚et
1217 729 1334 787 addunt
1344 731 1511 790 infirmitati
1522 735 1705 807 superbiam.

109 815 365 875 nctmnomnea
380 815 630 886 cirrificcbnntur.
880 815 955 874 Cum
977 822 1077 876 autem
1096 819 1254 877 vocatione
1273 820 1375 877 divina
1399 821 1569 893 intelligunt
1590 840 1645 881 cur
1669 827 1708 884 eit

109 903 178 970 tuod
193 903 332 961 varoillis
346 903 445 961 verbis
459 919 529 977 qua
549 903 827 971 tractabamusnd-
879 907 1151 978 ingemiscendum,
1167 912 1195 965 et
1214 908 1355 966 invocant
1369 925 1439 967 eum
1459 910 1491 967 in
1509 927 1601 985 quem
1626 919 1707 974 recte

109 998 134 1051 et
143 992 224 1059 dicit,
240 993 304 1051 den
317 998 416 1049 antem
430 993 624 1061 subintravit,
640 1000 673 1052 nt
688 991 824 1052 abundo·
880 996 1015 1062 credunt,
1042 995 1186 1064 dicentes,
1203 997 1343 1055 unone
1357 1000 1423 1067 md,
1439 998 1527 1066 Deua,
1543 1002 1707 1061 secundum

109 1081 825 1155 etum,1'amnonpertinetadilluddeliclurnquod
879 1099 1021 1155 moenam
1034 1085 1461 1156 misnicordicmtucmtl'eal.
1475 1105 1502 1159 ι,
1524 1091 1569 1163 t);
1586 1095 1625 1162 et,
1642 1092 1707 1163 Epo

109 1185 167 1228 rex
183 1171 292 1239 Adam,
305 1170 344 1227 de
367 1186 429 1244 quo
444 1169 564 1228 dicebat
579 1172 730 1244 superius,
743 1171 824 1228 Mors
879 1172 955 1241 dini,
976 1174 1111 1241 Domine,
1126 1175 1342 1241 misereremei,
1362 1177 1584 1235 consentinam
1597 1194 1705 1245 meone,

109 1259 128 1317 it
146 1274 200 1330 per
215 1274 308 1316 annm
324 1276 333 1315 :
349 1258 444 1333 legem
454 1260 567 1334 quippe
579 1261 642 1317 sire
656 1259 824 1318 naturalem
879 1261 951 1335 quio
968 1263 1090 1333 peccori
1104 1263 1158 1319 tibi
1177 1264 1272 1337 (Prot.
1286 1280 1333 1329 ιι,
1350 1265 1377 1334 5)
1393 1281 1400 1331 ;
1416 1271 1454 1333 et,
1470 1267 1501 1322 ln
1516 1273 1569 1325 tuo
1585 1268 1706 1339 institia

109 1363 209 1418 amus,
224 1347 336 1421 quain
349 1363 454 1405 eorum
467 1353 593 1422 apparet
606 1350 755 1415 aetatibus,
770 1345 824 1421 qui
878 1350 994 1419 vivifico
1022 1366 1068 1409 nre
1088 1352 1184 1422 (Prot.
1200 1368 1269 1417 ιιι,
1291 1353 1338 1425 t);
1359 1359 1397 1420 et,
1420 1353 1514 1421 Viam,
1534 1356 1706 1429 iniqnitatis

110 1438 190 1496 tione
210 1436 251 1493 uti
265 1440 414 1510 possunt,·
431 1436 494 1494 eive
516 1438 730 1512 conscriptam,
754 1451 824 1510 quae
879 1444 1109 1507 onocentauri
1123 1441 1157 1497 de
1170 1442 1706 1515 leastnomisereremeiffsol.cxvur,

109 1532 114 1585 t
128 1541 181 1601 per
191 1526 400 1599 lloysen,quia
412 1541 466 1583 nec
481 1528 547 1599 ipse
558 1526 707 1584 vivificare
715 1526 823 1599 potuit,
878 1527 947 1600 29);
967 1534 1007 1593 et,
1024 1529 1092 1586 Non
1106 1531 1205 1586 neuim
1221 1528 1298 1586 milti
1314 1545 1366 1599 pes
1380 1531 1532 1601 sapone,
1549 1544 1576 1590 et
1596 1548 1706 1592 monna

109 1630 195 1673 mea
214 1613 280 1686 lege
295 1614 446 1688 peecatiet
459 1615 576 1681 mortis,
587 1630 655 1688 quse
671 1619 766 1673 tracta
780 1618 825 1671 est
876 1622 1066 1687 peccatorem
1076 1623 1257 1675 nonmoveot
1269 1633 1315 1676 me
1325 1618 1513 1685 (Pactam,
1530 1622 1576 1692 tt)
1588 1638 1596 1689 ;
1608 1624 1708 1689 aelti-

111 1722 152 1775 m,
167 1709 222 1761 sed
243 1705 340 1775 magis
355 1703 470 1762 addidit
484 1705 736 1777 praevaricationis
751 1717 824 1774 aug·
879 1720 952 1763 nero
972 1721 1038 1764 meo
1050 1706 1144 1778 dbipe
1155 1707 1312 1764 seeundum
1322 1708 1442 1765 vntum
1451 1714 1548 1776 tuum,
1563 1715 1590 1767 et
1604 1726 1642 1768 ne
1655 1711 1707 1769 do·

114 1811 122 1865 ;
139 1793 195 1853 Ubi
208 1795 286 1851 min
302 1794 352 1851 len
366 1808 424 1850 non
440 1800 494 1859 est,
509 1792 641 1851 attidem
655 1791 822 1865 apostolus,
879 1797 1011 1853 minetur
1021 1797 1080 1853 mei
1097 1796 1192 1853 omnir
1206 1796 1348 1869 iniquiter
1368 1797 1461 1870 (Prot.
1481 1813 1579 1867 cxviii,
1596 1800 1705 1874 133)(Α

109 1881 279 1942 muricatio
291 1882 387 1954 (done.
403 1897 444 1953 tv,
459 1882 515 1954 ts).
537 1882 663 1939 Proinde
677 1882 822 1955 quoniam
878 1883 1004 1941 Domino
1018 1883 1099 1942 enirn
1113 1898 1228 1956 pressus
1244 1884 1372 1942 bominis
1385 1886 1573 1958 diripientur,
1588 1894 1615 1945 et
1626 1890 1705 1948 emm

109 1972 201 2030 etiam
216 1971 370 2028 iuratione
384 1969 515 2027 hominia
530 1972 583 2044 qui
596 1970 661 2043 jam
674 1971 764 2027 utitur
779 1985 825 2029 ar·
878 1975 942 2044 ejas
969 1973 1047 2031 votet
1062 1971 1159 2046 [Prot.
1175 1988 1272 2039 xxxvi,
1292 1972 1350 2046 23])
1367 1989 1375 2041 ;
1391 1979 1419 2032 et
1438 1975 1496 2033 alie
1512 1975 1616 2043 multa,
1636 1992 1706 2050 qua

109 2058 429 2131 ,bertatianaturaliter
439 2059 567 2116 incorde
578 2061 826 2133 conscriptaque
878 2061 1152 2135 proptereascripta
1161 2067 1241 2126 sunt,
1255 2066 1288 2118 ut
1302 2077 1358 2119 nos
1373 2061 1581 2129 admonerent,
1595 2068 1635 2121 sd
1649 2065 1706 2123 im·

109 2150 166 2207 itur
176 2149 334 2222 nealiquid
349 2147 825 2222 iaciatquiaqueatteriquodpati
879 2149 991 2223 ptenda
1008 2165 1045 2207 ea
1058 2165 1128 2223 quse
1144 2148 1231 2206 nobis
1245 2150 1400 2221 jubentur,
1416 2150 1456 2208 ab
1473 2151 1526 2209 illo
1541 2154 1704 2224 petendum

109 2253 137 2296 tn
155 2238 219 2295 vult
232 2255 241 2305 ;
255 2238 422 2295 secundum
438 2239 516 2295 banc
531 2237 628 2308 legem
645 2237 825 2309 praevarica-
879 2238 1156 2312 adjutoriumequo
1169 2237 1334 2311 jubentur:
1350 2254 1419 2296 cum
1434 2255 1506 2313 crgo
1521 2256 1552 2297 se
1567 2240 1704 2300 homoad

109 2331 283 2393 untomnes,
299 2327 390 2384 etiam
405 2326 457 2399 qui
473 2324 571 2397 legem
579 2327 760 2398 perltoysen
772 2325 825 2383 da·
878 2326 964 2384 illum
974 2327 1145 2391 extenderit,
1162 2327 1242 2385 etsic
1255 2328 1442 2399 ingemuerit,
1457 2329 1707 2404 fletquodsequi·

111 2420 329 2490 nacoeperunt,
349 2417 386 2472 de
400 2415 551 2490 quibusin
568 2415 685 2472 Psalmo
696 2414 824 2488 legitur:
879 2423 937 2487 tur,
951 2415 1175 2474 Uticbundovit
1189 2415 1708 2490 delictum,superobundauitetpro-

109 2508 243 2565 n'cotores
264 2504 404 2563 aestimati
429 2520 527 2563 omnes
544 2510 715 2575 peccatores
737 2511 825 2562 terra
880 2509 921 2561 tie
935 2506 1030 2577 (Rom.
1041 2520 1070 2570 v,
1078 2506 1126 2577 ιο)
1140 2521 1147 2572 ;
1163 2509 1203 2571 et,
1219 2505 1422 2562 Dimittuntur
1430 2506 1586 2576 diseccata
1595 2509 1703 2581 muno,

109 2610 206 2661 cxvrrr,
223 2596 296 2666 itit).
312 2594 463 2651 Nonenim
478 2598 761 2665 omneepeecatores
771 2596 827 2650 ter·
879 2593 1019 2667 quonism
1032 2592 1137 2652 dinan
1148 2594 1278 2651 maltum
1293 2595 1376 2664 (Luc.
1393 2596 1499 2665 victl)
1509 2611 1516 2662 ;
1528 2595 1710 2654 etditiundi·

109 2699 153 2742 em
173 2700 225 2757 per
239 2685 360 2756 lloysen
373 2683 476 2739 datam
493 2681 729 2755 praevaricarunt
746 2700 754 2751 ;
773 2682 828 2740 sed
879 2688 927 2740 tur
936 2684 966 2739 in
980 2682 1206 2741 cordeobsritas
1214 2683 1275 2752 Dei,
1291 2684 1372 2740 unde
1385 2684 1438 2741 flat
1451 2683 1707 2757 legisplenitudo;

116 2774 174 2831 nisi
188 2774 325 2846 aliquem
342 2771 601 2844 praevaricassent,
622 2787 683 2829 nou
695 2772 828 2844 appelta-
879 2785 941 2827 non
960 2771 1101 2843 pervires
1120 2771 1236 2828 arbitrii
1253 2771 1336 2844 quod
1350 2776 1397 2829 eet
1410 2772 1442 2830 in
1456 2772 1557 2840 nobis,
1577 2775 1633 2831 sed
1657 2790 1709 2848 per

120 2862 381 2936 praevaricatores:
406 2862 461 2919 Ubi
475 2861 552 2918 enim
571 2862 621 2918 tea
635 2876 693 2918 non
710 2867 759 2928 est,
773 2875 827 2919 nec
880 2859 1025 2933 Spiritum
1041 2864 1177 2917 sanctum
1206 2860 1260 2932 qui
1276 2858 1366 2917 datus
1390 2866 1435 2917 est
1454 2860 1553 2918 nobis.
1579 2863 1709 2921 Noverat

109 2949 636 3023 iectiol'ravaricataergolegeque
647 2951 676 3006 in
685 2949 827 3022 paradiso
879 2950 992 3022 quippe
1006 2947 1055 3005 ilie
1068 2949 1187 3018 Legem,
1202 2948 1255 3020 qui
1269 2948 1399 3016 dicebat,
1425 2949 1616 3007 condelector
1627 2954 1706 3009 enim

109 3039 269 3107 .t,nascitur
282 3039 375 3097 homo
390 3055 425 3096 ex
441 3038 537 3096 Adam
551 3054 620 3095 cum
637 3038 703 3110 lege
714 3038 828 3111 peccati
881 3039 942 3109 tepi
954 3037 1010 3096 Dei
1016 3038 1179 3095 secundnm
1193 3037 1362 3095 interiorem
1382 3037 1546 3105 nominem
1562 3042 1591 3096 et
1605 3043 1708 3097 tamen

109 3128 393 3202 tis,dequadicitur12
410 3128 596 3185 Videooliom
606 3128 693 3199 boam
701 3128 732 3185 in
739 3142 828 3185 mern·
880 3126 1076 3198 adiungebat,
1096 3126 1185 3183 Video
1199 3133 1299 3183 cutem
1312 3126 1405 3183 otium
1421 3127 1552 3198 leponin
1567 3129 1706 3186 membris

109 3221 361 3291 ivrepupnuntem
372 3219 542 3290 lepimentia
549 3233 629 3284 mese,
639 3225 667 3275 et
674 3220 827 3287 captivam
879 3216 951 3273 men
958 3223 1176 3287 repspncntem
1188 3214 1246 3286 tepi
1260 3216 1489 3283 mentismea,et
1503 3217 1708 3287 coptioumme

109 3309 316 3380 eenteminleoe
322 3309 562 3380 praemicarent
571 3309 602 3363 in
609 3307 748 3365 membris
755 3308 827 3365 meis
880 3304 1033 3362 ducentem
1043 3304 1147 3375 intepe
1156 3303 1282 3375 peccati,
1297 3319 1362 3375 qua
1375 3310 1417 3362 est
1434 3305 1465 3362 in
1476 3305 1707 3365 membrismeir.

115 3413 166 3464 vu,
181 3401 238 3469 23).
253 3398 325 3464 Ques
341 3401 440 3455 tamen
469 3395 526 3453 nisi
540 3395 620 3453 mua
636 3400 740 3468 postea
755 3412 828 3455 con·
879 3393 1155 3465 Inscitacpolomo,
1168 3393 1430 3465 qniemetiberobit
1445 3394 1482 3451 de
1495 3408 1620 3465 corpore
1633 3411 1710 3453 mor·

109 3487 157 3545 ine
170 3486 336 3552 roboretur,
353 3486 470 3543 lucilius
497 3484 634 3552 vincitur,
651 3501 713 3542 non
725 3491 826 3543 tamen
881 3483 918 3539 tia
930 3481 1160 3552 bajuthrctio
1169 3479 1384 3550 [incertarum
1391 3482 1543 3539 Christum
1551 3484 1709 3542 Dominum
1766 3478 1768 3483 ’

109 3574 236 3634 atiallei.
254 3577 328 3646 tege
344 3579 444 3631 autem
464 3572 524 3631 alia
537 3574 744 3645 prevaricata,
757 3590 827 3648 quae
880 3577 1022 3628 notrum.
1039 3571 1097 3628 Cur
1113 3584 1176 3627 non
1190 3567 1265 3625 dixit
1273 3570 1383 3641 potius,
1404 3571 1459 3627 Per
1473 3572 1710 3631 meumliberum

109 3679 158 3721 asu
168 3663 293 3721 rationis
300 3661 408 3719 anima
422 3660 577 3719 rationalis
592 3661 622 3718 in
634 3667 720 3719 atate
731 3663 827 3720 homi·
880 3659 1048 3726 arbitrium,
1063 3658 1121 3715 nisi
1139 3659 1212 3731 quia
1223 3656 1348 3715 libertae
1360 3659 1424 3716 sine
1436 3659 1533 3730 matta
1546 3675 1608 3718 non
1620 3666 1666 3720 eat
1677 3662 1710 3718 li·

109 3753 241 3811 tratione
251 3753 368 3819 utentis,
380 3750 624 3823 prevaricatores
633 3751 710 3808 liunt
722 3767 827 3810 omnes
879 3746 993 3814 bertas,
1006 3748 1059 3805 sed
1070 3747 1288 3805 contumacia?

109 3858 172 3902 ares
187 3839 481 3899 terrael'rararieata
496 3855 566 3897 vero
581 3840 646 3911 tege
668 3841 761 3898 etiem
776 3841 828 3899 illa
919 3838 960 3893 t't.
976 3835 1051 3893 Cum
1065 3849 1138 3906 ergo
1153 3835 1277 3891 dixisset
1285 3835 1460 3907 Apostulus,
1478 3838 1540 3895 Lea
1559 3837 1710 3897 subintro-

109 3936 152 3991 ata
165 3934 210 3988 est
223 3945 276 4004 per
289 3932 420 4001 Moysen,
437 3927 531 3985 multo
545 3928 675 4002 amplius
690 3928 828 3988 abundsn
880 3926 933 3993 ott,
948 3924 1158 3983 utatundcret
1171 3924 1311 3982 delictum
1329 3939 1336 3978 :
1354 3925 1406 3982 nbi
1428 3931 1528 3983 antem
1543 3926 1709 3985 abundavit

111 4037 155 4080 m.
171 4020 206 4077 Si
219 4020 297 4077 enim
308 4020 382 4075 data
394 4022 466 4076 erret
484 4019 533 4075 lea
546 4033 611 4090 qua
623 4024 715 4090 posen
733 4020 827 4089 viniti-
879 4015 1030 4082 delictum,
1036 4013 1325 4084 superabundantia
1337 4013 1440 4084 pretio
1452 4018 1590 4086 ;eecutue
1601 4015 1651 4087 adj
1657 4030 1711 4073 uu·

109 4110 217 4169 nnnino
231 4124 268 4166 sa
282 4110 358 4179 Leuc
376 4112 447 4165 esset
460 4107 590 4178 iustitio,
608 4106 669 4165 Sed
680 4109 827 4166 conclusit
879 4106 931 4170 xit,
949 4111 982 4162 nt
993 4101 1239 4176 quemadmodum
1253 4104 1387 4176 reoncvit
1397 4110 1551 4173 peractum
1560 4105 1592 4164 in
1605 4111 1708 4173 morte,

109 4213 156 4257 erc
170 4198 271 4256 omnia
291 4197 346 4253 aab
359 4205 490 4266 peccato,
508 4201 540 4252 ut
552 4198 707 4269 promissio
721 4212 760 4256 ea
771 4198 828 4270 fide
879 4194 956 4252 sicet
967 4193 1071 4266 pretio
1084 4198 1249 4265 repnetper·
1256 4193 1443 4264 justitiemin
1460 4193 1522 4252 vito
1534 4200 1708 4265 etnncper

109 4288 197 4347 bristi
213 4288 339 4345 duretur
354 4286 540 4344 credentibus
556 4303 564 4342 .·
582 4285 645 4343 haec
674 4287 778 4359 verba,
802 4288 827 4346 si
878 4282 1147 4342 tarnatensem
1173 4282 1334 4339 Dominum
1359 4288 1506 4339 nostrum.
1529 4282 1615 4340 ltodo
1636 4298 1707 4341 cum

109 4374 151 4444 is,
165 4375 330 4449 apostolica
342 4379 421 4430 sunt.
431 4377 470 4431 tie
482 4375 614 4447 quatege
628 4375 735 4433 iterum
745 4377 826 4447 dicit,
879 4372 1013 4441 dixisset,
1031 4377 1065 4428 ut
1079 4370 1328 4444 quemadmodum
1351 4370 1488 4441 repnovit
1501 4374 1651 4441 peccatum
1675 4372 1707 4427 in

109 4464 317 4524 mantionis
327 4463 428 4535 pretio
441 4463 540 4534 posito
556 4465 827 4530 est,donecveniret
879 4467 973 4519 morte
985 4475 1068 4531 ,·non
1079 4460 1132 4525 ait,
1149 4462 1201 4515 Per
1216 4472 1311 4514 unum
1326 4457 1491 4524 bominem,
1510 4464 1561 4515 aut
1575 4473 1628 4530 per
1647 4460 1709 4530 pri·

109 4552 553 4624 cviprcmusameat.unpositc
566 4555 575 4589 ¹
590 4555 783 4626 perdnpetos
794 4556 827 4613 in
879 4565 965 4606 mum
980 4549 1146 4615 bominem,
1162 4551 1215 4603 aut
1230 4561 1284 4618 per
1297 4545 1491 4619 ddamzquia
1501 4546 1567 4617 jem
1577 4546 1705 4614 dixerat,

109 4643 276 4702 anniane
290 4642 450 4715 (Gulotuu,
462 4641 571 4715 te-ir):
587 4641 826 4702 christumcom-
878 4635 1138 4700 marubintrooit,
1146 4641 1178 4691 at
1188 4634 1357 4693 abundaret
1364 4634 1525 4705 delicians,-
1539 4634 1705 4707 quaeabun·

110 4733 248 4803 naeuius
254 4729 431 4804 gratiasalvi
439 4730 703 4797 tiuntomnea,aire
709 4733 826 4804 parvuli
878 4727 984 4785 dantia
997 4724 1163 4783 delictinon
1177 4723 1304 4796 pertinet
1315 4721 1355 4779 ed
1363 4721 1454 4794 primi
1462 4723 1593 4781 bominis
1599 4738 1709 4798 prope·

109 4822 221 4896 peccati
234 4825 263 4876 et
278 4820 394 4884 mortis,
407 4834 545 4890 cumque
554 4820 615 4875 nati
627 4835 731 4876 sumus
745 4822 826 4888 3sivs
878 4816 991 4887 ginem,
1004 4811 1110 4870 esdad
1128 4811 1366 4870 conversationis
1378 4811 1520 4869 humanae
1531 4814 1708 4886 praevarica-

109 4926 141 4979 o,
158 4907 295 4983 quimale
311 4911 427 4964 utentes
441 4905 564 4965 arbitrio
580 4907 740 4966 voluntatis
752 4926 826 4984 pres·
879 4905 999 4973 tionem,
1011 4918 1081 4976 ques
1102 4900 1144 4958 illi
1160 4903 1210 4958 uni
1226 4899 1334 4958 delicto
1352 4915 1415 4973 quo
1438 4901 1503 4959 solo
1515 4902 1649 4959 obstricti
1664 4907 1707 4959 te-

109 5004 169 5057 ·unt
183 4999 279 5072 legem
305 4996 473 5053 naturalem
488 4996 583 5070 ipsius
604 4998 746 5066 rationis;
763 5002 826 5058 sire
879 4998 988 5051 nentur
1012 4991 1154 5057 infantes,
1174 4991 1237 5063 jam
1268 4989 1300 5046 in
1318 4989 1487 5062 majoribus
1513 4989 1649 5047 atatibus
1669 5004 1706 5046 ex

109 5103 161 5145 ent
175 5088 366 5158 acceperunt,
387 5099 455 5157 quae
478 5085 550 5141 data
562 5089 606 5142 est
626 5101 679 5158 per
695 5088 824 5160 ltoysen,
879 5081 1067 5139 abundantia
1086 5079 1252 5153 iniquitatis
1275 5079 1394 5151 adjecta
1409 5085 1464 5137 est.
1487 5077 1705 5150 sedquoniam

109 5192 125 5234 e
139 5173 469 5250 prevaricanteslittera
478 5174 568 5230 occisi
583 5178 663 5231 sunt.
672 5177 746 5233 cum
758 5195 825 5237 vero
878 5173 1050 5237 hoctotum,
1064 5170 1154 5227 etiam
1168 5169 1250 5242 quod
1265 5167 1461 5239 nonpertinst
1474 5165 1597 5223 aditliua
1613 5165 1705 5223 unius

109 5263 266 5335 angelica
281 5266 429 5335 praecepta
443 5262 535 5319 homo
548 5263 736 5335 praevaricat,
746 5267 825 5326 velut
878 5261 978 5318 delicti
987 5259 1146 5330 originem,
1162 5263 1262 5315 umen
1288 5255 1399 5312 idonee
1412 5260 1457 5311 est
1477 5254 1592 5310 solvere
1606 5254 1703 5324 gratia

108 5354 219 5413 luanus
237 5355 375 5410 mortuus
395 5355 501 5424 putet:
523 5368 577 5409 nec
592 5352 629 5409 de
648 5353 698 5411 illo
724 5359 825 5415 tamen
879 5349 1041 5408 salvatoris
1053 5365 1061 5417 ;
1072 5348 1140 5405 ideo
1151 5362 1220 5403 cum
1235 5344 1369 5409 dixisset,
1381 5349 1424 5400 stc
1445 5348 1472 5399 et
1484 5343 1587 5413 protis
1601 5353 1704 5416 repnet

109 5444 222 5503 andum
243 5444 288 5499 est
307 5446 428 5514 propter
453 5440 519 5512 ejus
534 5443 671 5513 gretiam,
698 5446 750 5517 qui
763 5462 824 5504 non
876 5454 932 5510 pn·
949 5438 1101 5509 justitiam
1122 5437 1153 5493 in
1172 5436 1232 5492 uite
1244 5438 1368 5497 aterno,
1385 5430 1512 5498 addidit,
1526 5446 1581 5502 per
1602 5431 1702 5493 lesum

880 5528 1030 5586 ceraton
1047 5526 1205 5584 Dominum
1223 5526 1368 5579 nostrum.

116 5621 236 5679 uisura,
252 5617 424 5685 dispositam.
916 5614 958 5675 ti.
970 5614 1087 5674 Nullius
1106 5612 1207 5687 itaque
1225 5609 1504 5683 argumentationes
1522 5615 1628 5672 contra
1640 5612 1707 5672 hese

142 5757 264 5819 iinon·
279 5753 403 5816 lillltlll.
1338 5754 1566 5834 (linat-linea.)
