3952 6128
161 164 198 225 &i
920 168 1118 235 enniano.
1831 180 1866 241 34

163 294 300 353 crobium
312 293 416 351 Airicre
425 294 636 367 proconsulem
651 310 687 351 eo
702 293 749 351 die
764 294 834 351 data
846 293 985 351 dicimus.

164 366 347 424 cxiii-cxvt.
375 397 408 407 -
435 366 555 435 Scripta
568 367 643 421 cirea
668 366 715 421 4444
730 372 839 438 tempus,
855 367 910 421 sios
933 382 986 422 uon

402 443 465 492 ante
482 440 535 493 400
550 454 595 493 mc
610 444 667 508 post
682 438 745 493 tta.

198 510 331 574 Quatuor
354 509 479 563 ›roxime
494 508 583 564 subse
610 506 987 579 nentesepistoloe,adCres·

162 581 278 643 mnium,
294 579 329 633 ad
345 528 546 650 lloreutr'num
561 525 606 635 43
617 580 809 645 Fortunatam,
823 578 859 633 od
873 579 986 635 Genero-

162 666 232 718 sum,
249 666 339 721 super
351 650 456 705 4444444
475 666 577 718 cansa,
597 652 782 723 conscriptae,
806 665 843 705 uc
869 666 904 706 uc
917 658 986 706 ante

162 738 277 778 annum
290 724 352 785 400,
369 737 466 793 neque
485 731 553 793 post
574 722 637 787 tae,
659 666 984 778 collocandaeirrerunt.

164 794 280 865 Quippe
293 792 324 846 in
337 793 689 861 iisAngustinrrsadducit
699 792 985 862 legemdeexhiben·

163 866 210 920 dis
225 866 270 920 vel
285 865 519 919 transmittendis
539 865 595 919 reis
611 864 650 920 ab
676 865 804 920 Honorio
830 865 920 920 tatarn
937 864 986 919 die

162 939 194 990 tt
205 936 334 1009 januarii
345 950 394 989 an.
409 935 473 999 409,
489 951 557 1006 qure
569 936 599 989 in
614 934 680 990 cod.
694 936 805 991 Theod.
823 940 842 991 4.
857 939 883 999 0,
901 937 944 991 444.
957 934 984 999 i,

163 1009 221 1071 Ι.6,
240 1006 282 1061 sic
303 1005 410 1060 trabat:
427 1005 460 1061 Si
477 1022 545 1076 quas
561 1012 697 1077 precepta
706 1006 835 1130 pudicum
848 1007 986 1075 prnrnisso

163 1077 349 1149 inscriptionis
376 1076 483 1131 uinculo
504 1094 545 1131 eas
565 1077 702 1131 admins'cu
716 1094 759 1131 uur
779 1078 864 1132 curiae
876 1077 986 1147 proprie

162 1148 282 1219 diripere
301 1148 406 1219 jussum
419 1148 507 1217 suerit
524 1148 757 1219 :municipalibus
784 1149 852 1203 actis
868 1154 985 1203 iuterro-

162 1224 271 1293 gsntur‚
285 1236 321 1273 an
340 1218 421 1273 ueliul
446 1220 878 1292 'uatoproeceptumtriumphalis
896 1220 986 1290 patris

162 1292 249 1347 nostri
261 1290 375 1361 triginta
386 1236 477 1345 dirius
490 1291 543 1343 sibi
555 1293 682 1345 coricensis
691 1291 739 1345 sub
753 1291 891 1345 moderata
906 1298 932 1345 et
946 1289 987 1343 di-

164 1362 260 1434 ligeuti
274 1360 392 1415 custodio
407 1368 518 1431 propter·
535 1362 736 1417 ordinationem
751 1362 843 1417 doinus
857 1362 985 1433 propriae,

163 1432 351 1505 pararrdosque
365 1432 421 1486 sibi
430 1438 562 1502 sumplus,
577 1435 605 1487 iu
617 1435 728 1488 ciuitate
736 1434 862 1488 residere.
875 1431 950 1498 Quod
962 1433 987 1487 si

161 1506 226 1576 fieri
240 1503 384 1568 coluerint,
400 1503 446 1557 444
460 1505 671 1574 peuruberuficr'i
681 1504 857 1575 eripientibus
870 1520 926 1559 non
943 1520 987 1558 ue-

162 1583 250 1648 petar.
272 1575 483 1646 ipsissimam
508 1578 661 1645 perspicis,
678 1576 769 1631 verba
787 1578 817 1630 in
836 1576 986 1646 praedictis

163 1646 298 1719 epistolis
314 1645 415 1711 444444,
432 1651 461 1701 44
489 1646 612 1702 minime
638 1647 757 1701 durium
773 1648 810 1701 sit
823 1647 895 1718 quin
910 1649 987 1702 trano

163 1719 261 1791 ipsam
272 1717 437 1787 legemjarn
450 1724 511 1771 tum
526 1716 646 1773 vidisset
657 1718 853 1787 Augustinus.
871 1717 986 1789 Quippe

163 1791 286 1844 onmlex
299 1803 389 1859 super
403 1788 507 1843 eadem
522 1804 552 1843 re
568 1788 852 1844 aTheodosioedita
862 1806 911 1844 an.
923 1794 986 1855 380,

164 1860 263 1917 verbis
276 1864 390 1914 constet
402 1860 490 1926 longe
510 1860 635 1915 diversis
649 1860 677 1915 in
693 1859 763 1915 tlod.
778 1860 887 1915 Theod.
912 1859 985 1915 ilud.

162 1930 219 2002 leg.
248 1932 274 1985 2.
299 1930 396 1985 lnnnit
419 1930 508 1985 eliam
532 1931 715 1999 Augustinus
736 1929 813 1986 illins
833 1946 863 1985 se
890 1929 987 1999 legem

162 2001 391 2072 obtendere,qrri
400 2007 468 2056 tnnc
480 2003 621 2074 temporis
634 2000 791 2074 imperium
801 2001 989 2057 administra·

163 2074 225 2138 bal,
248 2073 372 2144 quando
387 2088 455 2127 eam
470 2078 641 2128 constanter
661 2072 792 2146 appellat
809 2072 989 2143 Imperatoris

164 2146 257 2272 lppepr,
284 2144 374 2270 idpst
403 2144 534 2209 Honorii,
551 2144 603 2216 qui
619 2158 668 2200 au.
695 2148 757 2209 423,
778 2144 825 2200 4444
842 2147 874 2199 ts
891 2158 989 2215 angu-

162 2232 199 2273 44
238 2230 351 2272 ecessr.

162 2286 378 2344 cxvii-Civili.
392 2316 421 2325 -
433 2284 553 2356 Scripta
560 2285 682 2355 fortean.
693 2285 804 2339 4404444
811 2285 988 2340 4444444444.

198 2357 328 2428 Epistola
351 2358 512 2411 centesima
525 2358 642 2412 decima
661 2356 800 2428 septima.
816 2355 949 2419 Dioscuri,
962 2363 989 2411 et

161 2429 325 2486 centesima
344 2429 461 2483 decima
475 2432 591 2492 octava,
608 2428 762 2496 Augustini
772 2427 808 2481 ad
822 2428 988 2491 dioscorum,

163 2515 232 2571 quse
257 2505 432 2554 canescente
444 2498 507 2567 jarn
532 2500 695 2568 Augustino
713 2498 831 2569 scriptas
852 2505 930 2562 sunt,
947 2500 988 2553 uti

163 2571 330 2626 rescribens
342 2570 379 2624 de
396 2569 492 2641 seipse
502 2586 531 2623 n.
548 2573 575 2635 9,
592 2570 691 2624 testari
707 2571 833 2635 videtur,
850 2569 895 2624 rix
907 2585 989 2639 repo·

164 2644 193 2698 ni
210 2640 435 2714 possuntcitins
450 2654 532 2695 anuo
540 2640 644 2695 Christi
656 2640 718 2704 440,
731 2656 792 2711 quo
806 2639 988 2707 Augustinus

163 2728 278 2769 annum
289 2712 381 2768 aerrrris
397 2710 429 2765 56
445 2712 563 2780 agebat.
573 2714 673 2782 Neque
682 2727 752 2767 rero
766 2713 859 2767 serius
870 2712 988 2767 ineunte

161 2784 225 2851 444,
245 2783 391 2855 qnoniam
412 2798 441 2837 n.
455 2783 500 2847 44,
517 2782 566 2838 404
586 2783 740 2838 4444444444
755 2782 793 2838 de
811 2797 989 2853 pernoscen-

162 2855 209 2911 dis
234 2854 440 2911 naereticorum
467 2862 537 2909 tunc
564 2854 705 2936 temporis
734 2853 869 2909 Ecclesiae
897 2853 988 2910 iidem

163 2924 987 2997 impugnantiumerrorilurspotrusquamdesopitiolim

161 3004 296 3055 veterum
311 2996 559 3067 philosophorum
574 2996 705 3051 dissidiis
721 2996 918 3068 recoqrrendis
938 2996 989 3050 ad·

163 3075 277 3135 monet,
291 3083 448 3123 recensens
466 3068 645 3130 ltorratislas,
667 3066 990 3131 Maximianensesdda-

161 3141 292 3197 44404444
305 3140 451 3203 esAlrica,
467 3145 530 3194 tum
544 3138 680 3204 Arianos,
690 3138 904 3205 Eunomiauos‚
920 3145 987 3202 etc..

162 3212 338 3275 exoriente,
353 3225 414 3265 444
429 3208 498 3265 44444
524 3209 613 3265 ullam
634 3209 670 3263 de
687 3209 849 3280 pelagianis
865 3212 989 3265 mentio·

161 3297 232 3339 nem
246 3299 253 3349 ;
267 3282 296 3338 in
330 3297 383 3337 nos
394 3290 493 3337 tameo
504 3285 571 3336 ante
585 3280 656 3335 anui
672 3282 721 3335 444
738 3280 828 3337 linem
840 3280 990 3337 celebrata

165 3353 221 3410 init
235 3297 365 3425 synodus
376 3352 457 3431 apud
473 3352 697 3431 Carthaginem..
714 3351 818 3422 ltaque
833 3350 957 3423 Alypius
971 3368 991 3408 a

165 3423 608 3483 0444444444444444444444444444
617 3437 811 3484 4444444444
824 3426 988 3493 prinratus;

165 3512 233 3553 cum
245 3496 323 3550 hanc
342 3494 516 3563 dignitatern
533 3494 562 3549 in
578 3492 718 3548 Numidia
731 3494 848 3549 nonnisi
866 3494 923 3549 snb
939 3510 991 3549 ex·

165 3571 274 3625 tremos
288 3565 442 3629 Augustini
453 3579 548 3619 annos
562 3566 598 3619 sit
609 3570 799 3619 consecutus.

201 3638 289 3701 Cillil,
306 3637 382 3692 cxx.
397 3666 426 3677 -
448 3636 573 3706 Scripta·
586 3634 742 3705 sartecirca
755 3635 823 3690 idem
837 3642 954 3706 tempus.

202 3707 346 3764 tosillam
359 3722 391 3761 so
402 3711 553 3777 receperat
563 3708 751 3775 Augustinus,
768 3723 836 3762 cnm
849 3706 905 3778 ipsi
920 3707 991 3763 data

164 3786 209 3835 cst
223 3779 348 3862 epistola
362 3779 524 3834 centesima
539 3778 656 3833 decima
676 3793 766 3843 noua,
796 3779 946 3844 Consentii,
963 3784 990 3833 ut

165 3850 207 3907 ibi
220 3850 365 3907 diciturn.
380 3856 402 3904 t.
412 3852 472 3905 4444
483 3864 572 3921 porro
581 3850 678 3923 siquis
690 3854 825 3920 spectare
835 3849 992 3922 velitquod

164 3920 243 3979 idem
259 3928 378 3977 sanctus
391 3921 430 3976 ad
445 3922 629 3985 Dioscornm,
643 3937 671 3977 n·
685 3924 729 3986 34,
744 3920 992 3993 scribit,seipsum

165 3992 447 4066 postmgritudincm
459 3991 645 4063 aliquantum
659 3993 698 4048 ab
710 3992 843 4063 Hippone
852 3993 993 4048 remoris·

166 4062 583 4134 44440444444444044444.444
598 4064 992 4135 solnmobservarnnsepis·

165 4135 257 4192 lolam
285 4135 477 4190 centesimam
508 4135 681 4202 vigesimam
696 4133 732 4188 ad
746 4134 920 4189 Consentium
934 4150 993 4189 res·

165 4205 572 4278 criptamirrisseairciterboc
586 4210 713 4276 ternpus.
730 4204 752 4271 Q
777 4206 783 4257 i
808 4221 845 4277 pe
856 4208 993 4273 Angusti-

165 4275 772 4345 nus,ntintisigniiicatmnltajamtuma
800 4278 991 4347 quaestionem

165 4348 346 4405 deTrinitatc
362 4348 538 4417 pertinentia
553 4347 654 4404 litteris
671 4347 887 4403 mandaverat:
905 4363 993 4416 porro

166 4435 241 4492 opus
256 4419 293 4474 de
305 4419 453 4486 Trinitntc,
469 4418 551 4491 qnod
568 4419 596 4473 in
615 4417 895 4489 murmurasse
907 4419 993 4490 juve·

165 4506 203 4547 ne
220 4490 405 4555 inchoatum,
419 4506 437 4545 4
452 4506 521 4546 4444
534 4489 647 4545 editum
671 4489 751 4551 dicit,
766 4489 942 4546 elaborabat
957 4489 994 4546 ab

166 4562 553 4635 annopropel00,iicetnon
564 4561 812 4616 anteannumitb
822 4561 992 4618 4044444444.

325 4634 412 4689 citttt.
430 4664 463 4673 -
482 4633 595 4704 Scripta
608 4632 683 4687 circa
701 4649 748 4686 au.
764 4632 826 4687 440.

203 4703 316 4758 Paulini
330 4703 487 4777 epistolam
499 4703 546 4759 liic
560 4705 664 4760 ordine
675 4704 869 4759 centesimam
884 4703 995 4772 vigesi-

166 4775 992 4846 mamprimarn‚esseapparetetaliqrranioposteriorem

167 4845 993 4916 xer·srrbiinemanoiilbssscripta;crrmislinssilrijamda·

168 4924 205 4974 tra
214 4916 525 4987 alindcxernplumlric
534 4932 563 4971 4.
575 4920 605 4971 44
617 4918 673 4972 4404
688 4917 846 4973 transmitti
854 4926 947 4990 petat:
965 4924 994 4974 et

167 4991 320 5061 aliquanto
329 4988 456 5059 priorem
472 5002 554 5043 cxcix
570 4988 918 5060 scriptacirciterannum
928 4991 992 5055 444,

168 5057 994 5132 curuhancinterelillam.aliqrrotnitrocitroqurEpisto-

167 5131 214 5194 lre,
227 5138 317 5199 atque
331 5132 405 5187 iniis
420 5130 575 5195 Augustini
589 5131 747 5201 responsio
760 5132 797 5186 ad
814 5134 993 5203 questiones

166 5200 215 5258 hic
226 5218 244 5258 4
256 5202 377 5259 Paulino
391 5202 569 5274 propositas,
583 5202 799 5265 emanaverint,
813 5218 881 5274 quse
894 5211 994 5259 tamen

167 5286 274 5329 omrres
288 5273 508 5329 interciderunt.
523 5271 628 5327 Confer·
642 5272 801 5343 epistolam
816 5289 909 5341 oxus,
924 5290 953 5331 n.
969 5279 992 5330 t.

285 5344 393 5401 citit.
411 5377 444 5388 -
456 5344 571 5416 Scripta
585 5344 660 5399 eirca
673 5342 746 5399 idem
759 5348 872 5415 tempus.

204 5413 333 5484 Epistola
348 5416 508 5472 centesima
529 5415 675 5485 vigesima
695 5415 838 5478 secunda,
852 5430 994 5487 qnasnos

167 5484 349 5557 Hipponenses
363 5486 402 5541 40
429 5488 631 5555 ingruentium
657 5486 805 5543 malorurn
829 5493 941 5542 metum
963 5488 993 5542 in

167 5556 996 5629 eleemosynarumerogationerefrigescentesinilammat

167 5628 360 5699 Augustinus.
375 5626 529 5685 4444444444
545 5631 670 5687 baronio
683 5630 720 5685 ad
734 5629 826 5686 tinem
840 5630 911 5686 anni
928 5630 991 5696 409,

167 5715 203 5757 co
215 5697 298 5769 quod
309 5698 434 5767 tempori
448 5698 518 5754 huic
532 5715 594 5771 quo
607 5701 741 5758 interitus
764 5698 890 5757 Romani
911 5702 993 5758 time-

1040 315 1091 357 ma
1102 306 1135 383 ,et
1148 302 1265 374 direpta
1278 302 1361 359 444444
1380 302 1507 359 44444444
1520 302 1551 360 44
1570 302 1699 363 Siciliam
1715 306 1865 363 molieba-

1039 376 1086 427 tur
1096 380 1182 445 Juxta
1192 375 1329 431 Orosium
1342 374 1371 430 in
1383 373 1432 429 440.
1442 375 1471 441 7,
1486 390 1512 430 ο.
1529 377 1572 441 43,
1586 374 1656 433 inde
1671 375 1709 433 ad
1724 378 1864 447 subigen-

1038 442 1109 499 dam
1127 444 1254 501 Airicam
1268 446 1465 516 navigaturus
1475 444 1561 516 juxta
1571 446 1752 506 lornaudcm
1768 450 1798 506 in
1812 450 1863 506 440.

1038 514 1076 569 de
1087 516 1192 571 Geticis
1205 517 1305 573 rebus.

1118 588 1230 645 cxxiii.
1250 618 1281 629 -
1296 587 1409 658 Scripta
1420 592 1492 657 torte
1502 587 1551 642 sub
1563 587 1644 660 finan
1654 606 1699 644 arr.
1720 593 1783 647 440.

1074 661 1242 716 Centesima
1251 659 1399 729 vigesima
1411 660 1494 715 tertia
1505 658 1666 732 Hieronymi
1678 667 1788 718 totaest
1796 663 1853 719 aeni

1039 731 1179 802 gmatica‚
1195 732 1291 803 quain
1300 730 1553 803 explicandacnm
1566 730 1721 787 4444444444
1733 732 1866 789 terantur

1039 806 1186 866 auctores,
1203 818 1261 858 noo
1274 802 1359 857 444444
1369 801 1478 857 dixeris
1501 801 1627 873 quinam
1650 802 1716 873 ejus
1734 813 1862 860 mentem

1038 882 1312 944 corrscquarrtrrr.an
1325 872 1376 945 qui
1394 872 1491 943 prima
1504 872 1597 928 verba
1607 875 1644 927 444
1660 874 1862 931 condemnatis

1039 946 1070 1001 in
1084 942 1241 1000 Palrastina
1257 943 1424 1015 Pelagianis
1448 943 1627 1013 intelligunt,
1643 960 1682 999 an
1702 946 1799 1016 potins
1813 948 1865 1027 qui

1039 1014 1711 1086 tolarnepistolamsivedecaptaUr·be,sivedc
1721 1017 1865 1083 04444444-

1039 1086 1076 1144 tis
1095 1087 1334 1159 interpretantur.
1360 1085 1430 1141 Vide
1450 1089 1516 1142 Not.
1540 1086 1569 1140 in
1588 1087 1688 1142 eamd.
1709 1088 1865 1159 epistolam

1038 1162 1067 1215 ct
1077 1159 1158 1231 quod
1174 1158 1372 1214 observamus
1385 1157 1460 1213 inira
1474 1157 1512 1211 sd
1527 1158 1611 1229 epist.
1625 1174 1705 1213 cxcv.

1207 1260 1385 1319 EPISTOLAE
1398 1261 1530 1317 TERTIAE
1550 1259 1700 1327 CLASSIS,

1040 1370 1111 1437 Quas
1130 1368 1332 1439 Aupustinuso
1361 1374 1477 1438 tempore
1499 1366 1655 1422 collationis
1677 1367 1775 1423 440444
1805 1386 1867 1425 cum

1075 1440 1225 1495 Donatistis
1235 1439 1435 1509 Carthaginem
1446 1437 1597 1509 Pelopiame
1605 1439 1734 1494 bareseos
1747 1442 1774 1493 iu
1782 1440 1803 1493 A
1808 1442 1867 1509 sri-

1073 1529 1131 1567 cam
1145 1513 1264 1576 inuecta,
1278 1511 1315 1566 ad
1326 1510 1426 1565 obitum
1442 1526 1522 1580 usque
1531 1526 1609 1565 suum
1623 1513 1744 1582 scripsit.
1773 1511 1801 1565 id
1828 1519 1865 1566 est

1074 1583 1107 1639 ab
1119 1599 1193 1638 anno
1208 1582 1313 1639 Christi
1328 1586 1374 1637 444
1393 1581 1429 1636 ad
1446 1583 1509 1636 430.

1040 1689 1265 1748 cxxiv-extra
1294 1720 1327 1729 -
1354 1686 1473 1758 Scripta
1495 1686 1571 1741 circa
1587 1686 1722 1742 ineuntem
1740 1704 1786 1742 an.
1802 1692 1831 1743 44
1842 1693 1864 1742 4.

1075 1760 1240 1817 centesima
1254 1760 1399 1829 vigesima
1417 1764 1525 1830 quarta
1550 1756 1585 1811 ad
1605 1757 1743 1823 Albinam,
1769 1758 1866 1813 Pinia-

1040 1848 1118 1896 num‚
1133 1838 1157 1888 et
1170 1830 1327 1897 Melaniam,
1356 1831 1455 1886 hieme
1475 1828 1587 1901 scripta
1609 1836 1662 1893 est,
1678 1829 1758 1883 hand
1775 1829 1868 1885 multo

1041 1908 1107 1976 post
1121 1902 1396 1959 eorrrmadrentum
1413 1902 1442 1956 in
1456 1900 1661 1972 Air·ieam,quo
1675 1900 1793 1955 nonnisi
1810 1900 1867 1956 suh

1041 1975 1132 2031 tinem
1151 1975 1222 2029 anni
1244 1973 1297 2029 440
1325 1974 1513 2041 trajecerunt,
1530 1970 1639 2027 scilicet
1658 1987 1692 2025 ex
1709 1971 1817 2035 Sicilia,
1837 1977 1867 2026 ut

1042 2046 1129 2102 relert
1144 2046 1270 2117 scriptor
1282 2048 1346 2098 44444
1363 2044 1493 2099 itelanias
1504 2041 1644 2111 iunioris.
1670 2042 1701 2096 ln
1719 2044 1773 2098 isla
1787 2042 1866 2098 enim

1042 2116 1139 2174 insula
1160 2122 1291 2171 moratos
1310 2113 1376 2170 illos
1390 2115 1483 2169 inisse
1499 2112 1671 2169 istoeodem
1688 2129 1780 2177 anno,
1801 2129 1867 2185 pro·

1042 2188 1086 2245 dil
1099 2186 1233 2244 ltuffious
1252 2188 1280 2242 in
1297 2184 1424 2258 epistola
1436 2185 1475 2239 ad
1490 2186 1654 2241 Ursacium.
1672 2185 1742 2240 Vide
1758 2188 1822 2241 b'ot.
1837 2184 1866 2240 in

1044 2261 1121 2316 0444
1135 2275 1221 2315 cxxiv
1236 2257 1403 2330 epistolam.
1419 2257 1526 2311 Paucis
1554 2271 1675 2329 qnoque
1694 2256 1776 2328 apud
1792 2255 1867 2312 Tha-

1043 2337 1157 2403 gastem
1171 2330 1326 2386 transactis
1341 2328 1458 2395 diebus,
1475 2332 1504 2381 ul
1528 2327 1647 2383 credere
1669 2342 1798 2398 pronum
1811 2333 1865 2392 est,

1043 2419 1113 2459 cum
1128 2402 1296 2474 llipponem
1310 2400 1425 2455 visendi
1440 2400 1594 2469 Augustini
1606 2414 1698 2454 causa
1713 2414 1780 2455 4444
1798 2414 1867 2454 cou-

1042 2474 1179 2531 tutissent
1191 2470 1636 2539 Pinianuscttlelania,ooatigit
1648 2485 1683 2525 ea
1696 2469 1793 2533 reads
1805 2486 1867 2541 qua

1041 2546 1072 2602 in
1082 2544 1341 2614 duabnsproxime
1353 2541 1575 2613 seqrrentibuse
1598 2540 1691 2597 istolis
1704 2546 1866 2598 tractatur:

1041 2632 1119 2690 quas
1135 2615 1245 2671 idcirco
1261 2616 1298 2669 ad
1311 2614 1429 2669 initium
1445 2613 1516 2668 anni
1536 2558 1596 2669 sti
1608 2628 1799 2669 revocamus.

1192 2693 1317 2751 cxxvii.
1328 2722 1363 2734 -
1374 2693 1483 2764 Scripta
1494 2693 1570 2762 forte
1584 2709 1630 2747 au.
1649 2693 1680 2747 44
1689 2698 1712 2748 4.

1078 2775 1195 2831 Circiter
1220 2788 1335 2829 annum
1352 2775 1399 2827 444
1423 2772 1532 2842 prodiit
1554 2771 1684 2843 Epistola
1706 2771 1869 2827 centesima

1042 2843 1186 2916 vigesima
1201 2845 1329 2915 septima
1340 2843 1376 2898 ad
1390 2844 1596 2899 Armeulariuru
1610 2850 1633 2897 et
1649 2842 1806 2910 Paulinam,
1825 2843 1868 2898 444

1041 2918 1135 2990 probe
1146 2932 1182 2973 ex
1202 2916 1257 2971 illis
1272 2915 1396 2971 infertur
1418 2914 1514 2970 verbis
1528 2930 1557 2969 4.
1572 2921 1582 2969 4
1597 2932 1604 2971 :
1622 2914 1683 2969 Nisi
1697 2915 1768 2985 [orte
1781 2914 1869 2970 adbuc

1041 2989 1157 3045 mundus
1183 2986 1316 3042 curandus
1330 2994 1378 3051 est,
1395 2992 1472 3041 tanta
1495 3002 1591 3040 rerum
1606 2984 1665 3044 labe
1678 2987 1823 3047 contritus,
1838 2994 1868 3040 ret

1041 3062 1124 3116 etiam
1133 3059 1245 3131 speciem
1259 3058 1425 3114 seductionis
1439 3057 1562 3111 amiserit
1575 3074 1583 3122 ;
1594 3064 1623 3111 et
1637 3056 1699 3111 istis
1712 3074 1740 3112 n.
1754 3058 1780 3121 4,
1791 3057 1870 3112 blodo

1041 3146 1100 3187 cum
1114 3133 1172 3202 ipsa
1196 3131 1289 3195 Roma,
1305 3128 1473 3185 domicilium
1501 3129 1648 3185 clarissimi
1664 3128 1786 3199 imperii,
1807 3128 1869 3183 lror-

1043 3202 1133 3259 barico
1147 3207 1303 3257 vastaretur
1319 3200 1442 3257 incursu.

1042 3283 1166 3341 cxxvii.
1182 3313 1215 3323 -
1239 3280 1304 3337 Scri
1323 3288 1351 3336 ta
1367 3297 1413 3336 on.
1428 3280 1478 3334 tn
1495 3278 1576 3351 paulo
1591 3283 1654 3334 aute
1668 3280 1681 3334 4
1699 3278 1768 3334 diem
1778 3279 1867 3348 junii.

1079 3354 1181 3409 Edicto
1194 3297 1352 3409 4444444Εηί
1366 3351 1510 3416 44444444,
1530 3367 1592 3422 qno
1603 3351 1650 3406 itte
1663 3350 1805 3423 proposuit
1810 3350 1870 3420 jam

1041 3424 1217 3497 presentibus
1228 3422 1306 3494 apud
1313 3422 1657 3494 Cartbapiaemutriusque
1667 3423 1755 3493 partis
1769 3422 1870 3493 episco-

1042 3496 1095 3568 pis,
1110 3498 1206 3567 inquit
1220 3495 1403 3562 Augustinus
1419 3496 1448 3549 in
1468 3494 1575 3549 Breuis.
1589 3495 1681 3549 collat.
1698 3493 1746 3548 dic
1764 3498 1786 3561 4,
1802 3508 1828 3547 c·
1843 3499 1868 3557 3,

1042 3568 1091 3640 qui
1101 3568 1174 3622 locus
1187 3573 1213 3622 et
1227 3566 1276 3636 qui
1291 3565 1382 3620 modus
1397 3564 1552 3625 collationis
1564 3567 1745 3636 tuturusesset
1756 3580 1765 3629 ,·
1778 3563 1869 3618 admo·

1044 3644 1151 3693 neusat
1174 3638 1199 3692 ei
1224 3651 1290 3707 pars
1302 3647 1415 3708 utraque
1442 3636 1603 3692 rescriberet
1630 3643 1722 3692 utrum
1735 3634 1870 3706 placerent

1043 3724 1103 3782 quse
1112 3709 1210 3764 Edicto
1223 3708 1431 3779 comprelundit,
1446 3722 1619 3778 responsum
1631 3714 1676 3764 est
1686 3724 1704 3764 a
1714 3705 1871 3763 Catholicis

1044 3780 1169 3853 epistola
1182 3779 1231 3835 hic
1243 3780 1405 3835 centesima
1419 3780 1562 3848 vigesima
1576 3787 1692 3835 octava.
1711 3778 1796 3844 Quod
1810 3794 1869 3833 res-

1044 3854 1199 3924 criptuma
1214 3851 1333 3907 dnobus
1348 3848 1870 3922 tantummodoprirnatibusnornine

1044 3930 1221 3980 caeterorum
1243 3938 1259 3976 e
1283 3921 1454 3995 isooporum
1481 3922 1690 3991 subsignatum
1712 3921 1868 3993 reperitur,

1046 3938 1589 4062 40444444444444444444414440444444444
1604 4000 1632 4050 et
1645 4009 1663 4048 a
1675 3992 1795 4049 Silvano
1808 3992 1869 4063 jam

1045 4067 1192 4123 Numidiae
1205 4066 1331 4138 primata
1344 4082 1350 4120 :
1367 4071 1497 4121 attamen
1506 4064 1536 4119 in
1549 4063 1788 4136 frequentissimo
1798 4078 1871 4118 con-

1046 4142 1135 4194 44444
1155 4137 1364 4208 cpiscoporum
1382 4151 1456 4208 pena
1483 4141 1679 4191 trecentorum
1701 4133 1870 4190 coniectum

1047 4209 1147 4269 inisse.
1160 4208 1258 4279 prodit
1274 4210 1457 4277 Augustinus
1470 4209 1500 4261 in
1515 4207 1566 4261 lib.
1582 4206 1614 4262 de
1628 4206 1714 4263 Gestis
1724 4223 1783 4261 cum
1794 4206 1873 4260 Eme·

1045 4283 1112 4335 rito.
1128 4279 1519 4351 Undecolligitrrrpertinere
1529 4279 1568 4334 ud
1578 4277 1872 4358 dirsalapsosproxi·

1048 4367 1095 4407 me
1110 4356 1178 4406 ante
1191 4350 1454 4419 Carthaginensem
1468 4350 1669 4415 collationem,
1679 4349 1783 4404 traberr
1796 4364 1872 4420 4444-

1048 4429 1108 4480 lam
1124 4427 1132 4477 4
1152 4421 1201 4476 die
1213 4420 1288 4476 lunii
1304 4437 1352 4476 44.
1369 4425 1431 4477 444.

1135 4493 1246 4548 cxxix.
1259 4523 1292 4532 -
1308 4491 1420 4563 Scripta
1434 4492 1515 4562 paulo
1562 4498 1586 4546 st
1605 4491 1781 4561 superiorem.

1084 4564 1224 4635 Ejusdem
1234 4564 1528 4635 temporisestepisto
1541 4558 1873 4631 acentesimavigesima

1047 4650 1202 4707 nonaque
1215 4635 1355 4691 nimirum
1363 4636 1495 4707 episcopi
1506 4631 1872 4690 Catlrolicioccurrendum

1048 4713 1190 4779 putarunt
1202 4708 1409 4779 rescripto,serr
1421 4706 1553 4769 Notarius,
1569 4710 1724 4769 44444444,
1743 4704 1873 4759 0444444-

1049 4783 1156 4837 tarum.
1170 4780 1221 4851 qni
1235 4794 1290 4850 pro
1304 4781 1365 4833 suis
1381 4777 1515 4850 partibas
1530 4774 1697 4833 Marcellino
1713 4774 1874 4846 responde·

1049 4850 1131 4916 bant,
1145 4864 1204 4905 444
1234 4848 1290 4906 4404
1306 4849 1423 4917 placere
1436 4850 1517 4921 qnod
1535 4850 1563 4903 in
1580 4846 1681 4903 Edicto
1694 4861 1749 4901 sno
1764 4860 1876 4929 propo·

1048 4927 1160 4990 suerat,
1177 4926 1208 4977 444
1222 4922 1259 4976 ad
1277 4920 1442 4977 collationis
1457 4920 1558 4976 locum
1569 4919 1598 4975 lri
1610 4918 1664 4974 soli
1680 4932 1714 4972 44
1725 4931 1874 4987 episcopis

1048 4995 1249 5057 convenirent,
1263 5008 1341 5063 quos
1357 4992 1396 5047 ad
1415 4993 1512 5062 ipsam
1531 5006 1653 5045 causam
1669 4988 1874 5061 peragendam

1048 5065 1145 5121 4444444
1173 5062 1351 5132 delegissent
1365 5079 1373 5130 ;
1391 5068 1521 5134 petentes
1537 5069 1569 5117 nt
1583 5076 1688 5117 omnes
1708 5061 1807 5133 potius
1822 5058 1875 5132 qui

1048 5134 1258 5204 Carthaginem
1286 5138 1434 5197 44444444,
1466 5134 1573 5189 adesse
1614 5132 1807 5204 permitteret,
1839 5146 1875 5187 ex

1050 5207 1159 5264 Breuic.
1177 5205 1331 5261 collatrlie.
1351 5211 1373 5271 4,
1390 5222 1419 5261 4.
1439 5207 1466 5258 4.

1198 5276 1299 5333 CXXX.
1321 5308 1356 5317 -
1373 5276 1482 5345 Scripta
1496 5289 1587 5329 uersus
1600 5290 1647 5328 an.
1663 5276 1725 5328 tra.

1085 5346 1215 5419 Epistola
1230 5350 1392 5405 cerrtesima
1408 5345 1603 5416 trigesirnaad
1616 5343 1734 5400 Probom
1748 5342 1820 5397 data
1833 5344 1878 5396 cst

1049 5417 1203 5491 aliquanto
1217 5426 1349 5489 tompore
1396 5423 1441 5473 ost
1468 5418 1564 5488 ipsius
1579 5420 1610 5472 in
1626 5417 1756 5473 Africam
1769 5412 1878 5468 adveu-

1050 5494 1124 5554 tum,
1138 5498 1166 5545 et
1176 5490 1280 5547 habito
1288 5436 1516 5562 jamaiiquoties
1525 5484 1796 5561 abipsacotloqrrio
1807 5499 1876 5539 cum

1049 5561 1225 5631 Augustino,
1242 5568 1273 5617 444
1285 5578 1321 5618 ex
1347 5577 1376 5616 n.
1395 5564 1406 5616 4
1435 5560 1619 5632 prospicitur.
1642 5561 1731 5615 Porro
1748 5555 1877 5615 Probam

1049 5647 1116 5688 cum
1126 5631 1243 5689 luliana
1254 5638 1280 5689 et
1290 5632 1476 5689 Demetriade
1488 5638 1575 5704 nepte
1590 5646 1622 5687 se
1634 5628 1746 5700 recepit
1758 5627 1788 5683 44
1802 5626 1879 5683 Airi-

1048 5718 1116 5759 cam
1132 5720 1202 5759 mox
1219 5704 1584 5769 utbarbarorummanns,
1593 5701 1624 5757 in
1636 5715 1714 5774 quas
1728 5696 1878 5770 captatis-

167 5770 257 5829 batur
271 5768 397 5855 imperii,
409 5769 495 5827 valds
505 5778 661 5853 congruat.
688 5772 797 5830 Verum
817 5787 877 5829 non
893 5772 994 5831 minus
1048 5774 1088 5831 be
1109 5774 1264 5841 inciderat,
1282 5774 1413 5849 effugere
1426 5775 1531 5832 licuit:
1551 5773 1589 5831 de
1607 5786 1670 5845 quo
1691 5770 1821 5853 tegenda
1834 5772 1879 5825 cst

166 5840 298 5921 quadrat
310 5858 341 5902 ru
354 5842 447 5901 tinem
459 5856 532 5900 cunr
543 5844 608 5911 440,
619 5860 681 5919 quc
692 5842 828 5903 Alaricus
839 5848 930 5919 capte
938 5846 995 5903 444-
1049 5846 1417 5923 44444444444444444.4444444
1431 5842 1659 5905 nrmsuirdera.
1671 5843 1820 5913 04444444
1825 5854 1880 5917 po·
