3952 6128
130 127 173 193 es
763 128 1014 189 nrsromnuu
1033 129 1176 192 cnissis
1195 135 1218 192 1.
1669 96 1684 109 ’
1808 150 1844 206 ee

128 276 213 326 rum,
229 274 298 316 cum
323 271 378 331 per
402 255 547 323 eremitat,
564 259 596 313 ut
610 256 707 313 caeteri
732 260 879 313 amentur.
905 254 963 313 Sed
1018 255 1429 333 simisepientes,quossolos
1443 263 1548 324 beatos
1561 266 1661 328 fasest
1673 272 1846 340 vocari‚nec

128 353 235 406 minen
249 364 303 405 cur
318 350 419 405 tentus
434 351 478 402 est
492 344 647 403 mundus?
661 350 778 418 poterat
796 346 876 404 enim
896 359 962 402 esse
1017 346 1113 402 timeri
1132 347 1297 417 voluerunt,
1318 367 1374 408 nec
1392 355 1472 426 cupi,
1492 371 1530 412 an
1545 357 1648 430 cupiri,
1676 365 1708 417 tu
1723 362 1842 420 rideris.

128 438 179 496 vel
194 439 301 510 maior,
317 437 365 493 rel
384 436 511 492 brevior.
527 434 647 492 Nescio:
665 435 722 491 lale
743 439 788 490 est
810 434 901 492 enim·
929 435 962 491 lit
1017 436 1051 490 Et
1061 435 1136 492 belle
1147 437 1264 495 accidit.
1276 443 1352 496 Nam
1372 441 1440 499 volo
1462 460 1510 500 me
1528 445 1737 508 declinationis
1755 452 1844 526 hujus

129 543 187 585 cur
199 528 256 584 boc
270 526 337 583 loco
353 526 557 598 potiusquam
574 525 644 581 illo?
658 528 715 582 Nec
731 525 760 581 iu
773 539 809 580 ea
825 540 857 580 re
872 523 962 580 debet
1017 539 1146 594 gnarum
1162 525 1262 584 facias.
1280 530 1352 585 Cum
1369 531 1448 588 enim
1462 532 1597 605 abjungo
1613 539 1703 596 rerba
1721 539 1843 612 similia,

129 634 199 674 esse
222 616 361 690 quaestio,
375 614 425 672 ubi
454 615 601 688 quidquid
616 620 705 681 esset,
722 615 850 687 quaestio
872 617 960 670 esset.
1016 613 1154 670 incertior
1168 616 1219 672 fio.
1229 617 1303 673 Nem
1318 618 1359 675 ita
1371 626 1417 675 est
1433 623 1533 693 cupio,
1548 631 1580 680 ut
1593 625 1688 698 fugio,
1705 633 1737 684 ut
1747 631 1844 701 sapio,

130 709 233 764 Unum
247 705 321 762 illud
335 705 464 762 multum
480 705 629 771 movebat,
656 703 741 777 quod
766 702 882 760 infinite
898 718 962 760 cor·
1018 701 1145 772 uljacio,
1160 707 1192 759 ut
1204 706 1291 777 cepio
1303 724 1310 774 ;
1323 707 1375 763 sed
1387 714 1485 766 utrum
1498 710 1585 781 fugiri
1599 729 1639 769 an
1657 716 1729 786 fugi,
1744 723 1844 773 utrum

129 811 208 868 pora
222 799 403 852 secarentur.
419 795 471 851 Cui
496 793 621 850 fortasse
650 808 829 866 responsum
849 794 903 858 est,
923 791 961 849 de
1016 791 1105 861 sapiri
1121 808 1160 849 an
1173 794 1249 865 sapi,
1266 795 1303 850 sit
1318 796 1583 867 modusinfinitus,
1594 802 1708 873 ignoro.
1724 805 1845 863 Possem

130 885 159 941 vi
176 884 327 941 contraria
347 882 539 954 intelligibilis
558 883 685 940 numeri.
1016 880 1170 937 attendere
1179 882 1845 968 jacietcapi,nirerercrnemecaperetelpro

168 975 196 1030 3.
213 974 269 1031 Sed
285 979 425 1046 exspecta
440 991 447 1041 ;
465 973 623 1029 rideamus
638 972 712 1045 quid
727 973 765 1028 sit
785 972 843 1029 hoc
859 972 961 1028 nescio
1014 966 1146 1025 ludibrio
1155 970 1334 1044 jaceretquo
1344 974 1441 1040 vellet,
1450 976 1503 1047 qui
1513 976 1597 1034 aliud
1603 978 1718 1051 jectum
1734 989 1762 1038 et
1775 998 1845 1057 cap·

129 1061 312 1136 quidquod
324 1061 589 1134 suggeriturmenti
604 1079 611 1117 τ
625 1066 702 1118 certe
714 1062 863 1118 sensibilis
872 1076 962 1118 mun·
1017 1056 1175 1125 tum,aliud
1190 1058 1478 1135 fugitumcupitum,
1494 1066 1624 1136 sapitum
1639 1083 1705 1124 esse
1719 1069 1846 1127 conrin-

130 1150 700 1221 dusnesciocujusintelligibilisimago
710 1150 901 1207 essedicitur.
913 1149 962 1207 ut-
1016 1147 1255 1212 neret-Uuoeitem
1267 1150 1438 1221 tribulium
1447 1155 1615 1226 penultima
1625 1156 1751 1228 longaet
1763 1159 1848 1217 intle·

129 1256 201 1296 rum
218 1245 318 1297 autem
328 1240 466 1312 estquod
479 1240 509 1294 in
525 1240 708 1308 imaginibus
724 1239 870 1304 videmus,
883 1253 961 1311 quas
1015 1249 1065 1300 xa,
1077 1250 1116 1290 an
1129 1237 1212 1305 gravi
1227 1237 1371 1312 brevique
1386 1244 1609 1313 pronuntianda
1624 1247 1693 1314 sint,
1712 1248 1847 1307 similiter

129 1328 962 1402 speculareferuut:namquamvisingentiaspeculesint
1016 1324 1130 1380 neseio.
1145 1324 1372 1384 provocaverim
1389 1335 1415 1386 le
1426 1331 1466 1387 ad
1481 1332 1639 1404 epistolam
1654 1335 1820 1406 longiorem
1837 1354 1845 1406 ;

129 1433 195 1475 non
204 1418 333 1474 reddunt
343 1417 472 1490 majores
483 1418 639 1488 imagines,
648 1433 740 1490 quam
751 1421 822 1473 sunt
834 1430 962 1488 corpora
1016 1417 1097 1484 peto,
1108 1419 1138 1470 ut
1150 1414 1242 1487 paulo
1251 1416 1362 1473 diutius
1373 1424 1401 1474 te
1410 1418 1519 1491 legam.
1529 1422 1605 1478 Nam
1615 1439 1676 1480 non
1687 1440 1765 1497 queo
1778 1430 1845 1483 ten·
1894 1433 1900 1441 ’

129 1507 224 1563 etiam
235 1506 585 1577 brevissimeobjectatn
599 1507 808 1578 parrisautem
820 1504 961 1577 specillis,
1017 1503 1084 1556 tum
1098 1501 1206 1568 dicere,
1218 1513 1365 1578 quantum
1381 1508 1488 1580 volupe
1508 1515 1553 1566 est
1566 1511 1664 1582 legere
1685 1520 1720 1570 te.

128 1596 210 1652 sicut
223 1596 253 1652 in
267 1594 389 1668 pupillis
398 1595 566 1661 oculorum,
583 1595 637 1651 etsi
656 1609 766 1666 magne
785 1593 875 1651 facies
895 1610 962 1653 sese
1278 1614 1440 1671 gprsrogg
1461 1616 1498 1672 1v
1513 1617 1583 1689 ⁸(a).

129 1690 279 1757 θΡΡθῦἃῑι
290 1683 471 1740 bfssvlsslmfl
485 1683 586 1755 lm³80
600 1700 656 1756 Ps⁰
672 1685 764 1740 m⁰d⁰
779 1683 893 1757 ⁸U0⁰¹¹¹l
904 1682 962 1741 ‘0¹‘
1018 1697 1190 1770 Auimusne
1203 1700 1347 1769 Nebridio,
1362 1706 1518 1777 significem
1527 1707 1552 1762 ei
1562 1716 1691 1779 quantum
1701 1711 1847 1783 profecerit

128 1781 242 1830 matur.
262 1775 339 1844 Ergo
354 1776 382 1830 et
394 1772 543 1843 imagines
559 1788 720 1846 corporum
738 1773 831 1829 minui
846 1773 924 1843 licet,
937 1772 962 1830 si
1091 1789 1582 1866 5„50„„„‚00„1,mp12350„„„„m
1597 1806 1775 1858 mmm

130 1861 258 1936 specula
268 1862 457 1919 minuentur:
467 1863 579 1934 augeri,
592 1863 616 1918 si
627 1867 803 1935 augeantur,
816 1864 961 1920 nonlicet.
1005 1930 1010 1947 Ι

131 1951 530 2026 Uieprofcctoaliquidlatet,
538 1953 678 2008 sednunc
686 1951 897 2011 dormiendum
905 1959 960 2012 est.

131 2043 234 2114 Neque
244 2041 324 2096 enim
335 2040 475 2098 Nebridio
489 2041 596 2097 beatus
607 2043 771 2114 quaerendo
783 2043 895 2109 videor,
908 2042 962 2101 sed

130 2129 263 2187 fortasse
273 2129 387 2202 aliquid
398 2130 586 2187 inveniendo.
603 2131 636 2186 ld
649 2136 750 2188 etitem
764 2130 963 2206 aliquidquid

131 2224 178 2275 est
191 2219 207 2275 f
220 2234 259 2276 an
274 2217 324 2276 illa
335 2219 532 2290 ratiocinatio,
550 2219 597 2275 cui
608 2224 753 2293 tanquam
774 2220 870 2278 unice
886 2236 961 2280 mere

130 2307 266 2364 blandiri
277 2307 369 2375 soleo,
385 2313 411 2364 et
427 2324 463 2364 ea
474 2325 521 2364 me
534 2309 623 2364 nimis
638 2308 787 2365 oblectere
803 2310 819 2366 f

168 2400 196 2453 l.
213 2396 296 2453 Unde
311 2402 485 2453 constamus
495 2395 509 2451 i
520 2400 559 2452 Er
574 2398 678 2455 auimo
693 2402 723 2453 et
734 2414 868 2471 corpore.
884 2399 961 2466 Ouid

130 2485 242 2542 borum
257 2485 364 2542 melius
379 2484 393 2541 f
406 2485 547 2543 Videlicet
557 2489 687 2543 animus.
702 2488 778 2554 Quid
789 2488 915 2546 laudant
929 2489 961 2546 in

129 2590 259 2647 corpore
273 2575 288 2630 i
301 2573 378 2632 Nihil
391 2575 473 2631 aliud
486 2576 573 2632 video
586 2593 678 2650 quam
694 2575 959 2650 pulchritudinem.

131 2663 211 2729 Quid
223 2668 268 2721 est
285 2665 419 2736 corporis
435 2664 626 2738 pulchritudo
644 2667 659 2722 ‘l
674 2666 875 2737 congruentia
890 2683 960 2741 par-

130 2752 284 2811 tiumoum
293 2753 426 2825 quadam
437 2752 546 2811 coloris
558 2755 714 2812 suavitate.
728 2756 897 2812 ilaecforma
908 2756 959 2814 ubi

127 2856 204 2898 vera
213 2841 370 2909 melior,an
383 2841 520 2900 ubifalsa
532 2843 626 2909 ‘louis
636 2843 890 2901 dubitetubivera
903 2847 958 2912 est,

128 2945 197 2986 esse
216 2929 369 2987 meliorem
384 2929 400 2987 i
413 2929 468 2988 Ubi
479 2946 551 3004 ergo
567 2948 638 2989 vera
656 2934 727 2989 esti
742 2933 773 2990 ln
787 2934 890 2991 animo
904 2933 961 2990 sci·

129 3018 210 3076 licet.
221 3020 349 3075 Animus
359 3019 449 3092 igitur
460 3021 717 3091 magisemendus
732 3028 777 3080 est
788 3040 882 3097 quam
896 3038 960 3080 cor-

129 3123 200 3180 pus.
213 3109 626 3183 Sedinquaparleanimiiste
634 3112 850 3170 estveritaslln
861 3119 959 3171 mente

128 3202 222 3270 atqua
237 3198 439 3269 intelligentia.
452 3199 528 3269 Quid
540 3201 607 3258 huic
618 3201 795 3259 adversatur
808 3204 822 3259 f
836 3204 957 3260 Sensus.

129 3288 342 3345 Resistendum
354 3304 426 3361 ergo
437 3290 575 3346 sensibus
586 3293 653 3349 totis
664 3291 757 3349 animi
769 3292 904 3349 viribus?
920 3294 961 3350 u-

129 3381 218 3449 quet.
234 3376 309 3443 Quid
321 3377 345 3433 si
357 3378 509 3436 sensibilia
519 3380 645 3437 nimium
660 3380 808 3439 delectant
821 3382 836 3438 l
851 3383 914 3440 Fiat
928 3388 961 3441 ut

130 3480 195 3521 non
210 3465 366 3524 delectent.
383 3468 465 3524 Unde
480 3468 513 3524 fit
524 3469 540 3524 ‘l
550 3468 771 3527 consuetudine
790 3471 826 3527 iis
839 3471 962 3529 carenni

131 3555 357 3629 appetendique
372 3556 505 3615 meliora.
528 3558 605 3624 Ouid
625 3559 650 3615 si
665 3560 791 3616 moritur
807 3561 928 3617 animus
947 3561 962 3616 f

132 3644 211 3714 Ergo
222 3645 473 3713 moriturveritas,
488 3653 612 3704 autnon
625 3654 671 3705 est
681 3648 876 3720 intelligentia
888 3651 963 3706 reri-

133 3736 193 3798 tas‚
209 3737 262 3790 aut
277 3733 472 3807 intelligentie
485 3750 545 3793 non
562 3737 651 3794 estin
666 3738 780 3804 animo,
796 3744 848 3796 aut
864 3742 963 3812 potest

133 3823 211 3879 mori
222 3822 336 3898 aliquid
346 3825 375 3880 in
391 3826 473 3898 quod
489 3826 602 3899 aliquid
618 3828 787 3885 immortale
801 3834 847 3885 est
866 3828 962 3886 :nibil

133 3911 352 3970 autemhorum
365 3912 428 3970 fleri
436 3930 527 3988 posse
538 3914 810 3989 soliloquianostra
818 3919 882 3990 jam
890 3934 962 3976 con·

135 4001 241 4072 tinent,
256 4001 388 4075 satisque
395 4018 574 4075 persuasum
585 4005 813 4073 est;sednescio
825 4022 962 4080 quocon-

134 4091 293 4147 suetudine
318 4091 469 4150 malorum
487 4095 656 4152 territamur
679 4100 768 4168 atque
785 4095 962 4155 titubamus.

132 4179 412 4238 Postremoetiamsi
423 4184 772 4258 morituranimus,quod
782 4185 965 4245 nullomodo

137 4284 228 4341 posse
242 4270 307 4327 fieri
319 4270 419 4338 video,
434 4287 495 4329 non
504 4288 570 4329 esse
582 4279 682 4330 tamen
698 4274 819 4332 beatam
828 4276 921 4333 vitam
931 4277 963 4333 in

142 4357 244 4415 laetitia
255 4359 440 4416 sensibilium
453 4361 511 4418 hoc
533 4362 594 4419 otio
609 4362 681 4419 satis
697 4363 886 4438 exploratum
905 4371 961 4424 est.

136 4447 187 4503 llis
198 4445 287 4504 rebus
300 4446 423 4506 fortasse
448 4455 539 4523 atque
553 4451 663 4508 talibus
683 4452 823 4510 Nebridio
850 4471 917 4512 meo
938 4456 963 4512 si

133 4551 199 4593 non
219 4535 331 4603 beatus,
352 4541 474 4596 atcerte
492 4541 580 4612 quasi
599 4540 705 4597 beatus
718 4542 823 4600 videor
838 4560 845 4600 :
859 4545 963 4603 ridear

135 4630 165 4682 et
189 4624 262 4682 mihi
282 4644 290 4691 ;
316 4627 389 4700 quid
404 4628 474 4685 inde
486 4629 588 4700 perdo,
603 4635 654 4687 aut
665 4646 718 4687 cur
730 4647 854 4704 parcam
873 4634 962 4691 boma

135 4714 271 4788 opinioni
283 4715 298 4771 ‘l
311 4716 379 4773 flac
391 4717 465 4774 mihi
476 4719 537 4775 dixi
561 4737 568 4776 :
589 4719 699 4776 deinde
713 4723 808 4793 orari,
835 4729 867 4780 ut
887 4724 961 4780 sole·

134 4802 219 4870 bam,
234 4809 323 4878 atque
337 4805 476 4863 dormivi.

170 4894 722 4967 5.llrccplacuitscribcrelibilielectet
732 4899 814 4958 enim
824 4901 962 4975 mequod

134 4981 207 5038 mibi
217 4983 329 5055 gratias
339 4985 412 5055 agis,
427 4984 451 5041 si
461 4986 535 5043 nibil
544 4991 572 5043 te
583 4989 662 5061 quod
671 4989 702 5047 in
713 4989 842 5048 buccam
851 4992 963 5049 venerit

133 5070 228 5128 celem
239 5089 248 5140 ;
261 5079 289 5131 et
298 5074 427 5146 gaudeo,
439 5074 511 5148 quia
519 5075 561 5133 sic
573 5076 623 5133 tibi
636 5077 750 5150 placeo.
764 5080 856 5152 Apud
868 5096 961 5154 quem

131 5160 223 5232 igitur
236 5160 378 5219 libentius
390 5163 543 5236 ineptiam,
559 5181 653 5239 quam
669 5167 716 5223 cui
731 5166 884 5240 displicere
898 5185 961 5227 non

127 5264 256 5323 possum
269 5251 326 5309 lAt
337 5253 362 5308 si
370 5251 401 5309 in
411 5257 557 5325 potestate
565 5255 690 5313 fortuna
696 5263 748 5323 est,
764 5263 795 5314 ut
805 5258 960 5317 hominem

126 5339 321 5408 amethomo‚
335 5342 403 5399 vide
412 5358 507 5415 quam
517 5343 626 5402 beatus
640 5346 707 5415 sim,
716 5347 768 5419 qui
779 5347 816 5403 de
830 5347 959 5405 fortuitis

127 5434 193 5487 tam
206 5431 333 5488 multum
343 5431 471 5502 gaudeo,
481 5438 508 5489 et
522 5433 589 5491 talia
600 5439 692 5505 bona,
708 5436 812 5503 fateor,
821 5437 961 5497 desidero

126 5518 774 5583 mibiubertimaccrescerel'ortunaeautem
784 5525 961 5586 bonareris·

1268 1915 1395 1958 uenntnto
1415 1919 1592 1962 tuenstuens.

1056 2005 1082 2060 l.
1103 2004 1207 2062 ltirum
1219 2004 1542 2084 admodumest,quam
1558 2013 1631 2070 mibi
1644 2020 1751 2087 praeter
1761 2034 1847 2092 spem

1019 2094 1847 2177 evenerit,quodcumrequiroquibusepistolistuismibi

1019 2183 1847 2270 respondendumremanserit,unamtantuminveniqure

1020 2271 1177 2329 meadbuc
1192 2273 1353 2332 debitorem
1371 2282 1558 2352 teneretque
1576 2282 1653 2353 petis
1666 2288 1849 2342 uttantono·

1020 2364 1082 2417 stro
1096 2362 1166 2428 otio,
1177 2367 1556 2434 quantumessearbitraris
1571 2374 1733 2439 tecum,aut
1745 2373 1849 2431 nobis-

1019 2451 1194 2523 cumcapis,
1206 2451 1374 2510 indicemus
1385 2454 1439 2512 tibi
1457 2456 1531 2529 quid
1544 2458 1574 2514 in
1589 2460 1737 2516 sensibilis
1757 2470 1848 2536 atque

1018 2538 1211 2612 intelligibilis
1225 2545 1546 2605 naturasdisccrnentia
1556 2548 1784 2621 profecerimus.
1793 2552 1848 2610 Sed

1018 2630 1373 2690 nouarbitroroceultum
1384 2634 1436 2692 tibi
1444 2651 1519 2702 esse,
1529 2636 1551 2693 si
1561 2637 1644 2694 falsis
1653 2639 1848 2712 opinionibus

1018 2722 1241 2793 tantoquisque
1254 2722 1393 2779 inseritur
1408 2728 1514 2798 magis,
1529 2731 1750 2802 quantomagis
1765 2733 1794 2788 in
1805 2732 1849 2788 eis

1018 2808 1181 2866 familiaria
1196 2811 1418 2883 querolutetur,
1432 2815 1521 2872 multo
1533 2816 1563 2872 id
1580 2818 1695 2875 facilius
1714 2820 1744 2876 in
1758 2821 1848 2879 rebus

1019 2898 1097 2953 veris
1111 2898 1364 2958 animoaccidere.
1375 2903 1523 2960 ltatemcn
1531 2905 1675 2977 paulatim
1683 2911 1850 2981 utpermta·

1019 2990 1081 3042 tem
1096 2987 1279 3059 proficimus.
1294 2990 1409 3063 Quippe
1420 3008 1489 3048 oum
1505 2994 1669 3066 plurimum
1688 2997 1764 3054 inter
1778 3013 1850 3071 pue·

1018 3090 1088 3132 rum
1102 3076 1282 3146 etjurenem
1306 3078 1402 3145 distet,
1427 3096 1517 3138 nemo
1538 3086 1696 3155 spueritie
1716 3087 1850 3160 quotidie

1019 3162 1221 3234 interrogatus
1233 3183 1265 3222 se
1278 3167 1439 3241 aliquando
1449 3170 1591 3241 iuvenem
1604 3173 1694 3230 dicet.

1058 3258 1084 3308 2.
1100 3252 1298 3318 Ouodnoloin
1306 3265 1496 3330 campartem
1508 3261 1784 3332 accipias,utnosin
1800 3263 1848 3321 his

1020 3342 1113 3400 rebus
1132 3345 1220 3416 quasi
1242 3346 1281 3401 ad
1299 3347 1468 3418 quamdam
1480 3351 1587 3406 mentis
1599 3351 1786 3422 juventutem
1799 3352 1852 3411 ilr-

1022 3434 1125 3492 mioris
1147 3435 1346 3508 intelligentie
1366 3437 1474 3495 robore
1499 3441 1673 3511 pervenisse
1688 3442 1850 3502 existimes.

1019 3524 1103 3580 Pueri
1117 3524 1198 3580 enirn
1222 3540 1337 3592 sumus,
1367 3527 1430 3592 sed,
1458 3532 1490 3584 ut
1509 3527 1567 3586 dici
1587 3531 1706 3596 assolet,
1722 3531 1850 3590 forsitan

1021 3611 1099 3680 belli,
1115 3619 1143 3670 et
1163 3629 1225 3669 non
1241 3614 1312 3671 mali
1327 3616 1348 3670 ¹.
1378 3618 1452 3672 Nam
1467 3616 1647 3692 plerumque
1660 3621 1850 3693 perturbatos

1021 3708 1051 3758 et
1063 3701 1251 3759 sensibilium
1270 3707 1428 3776 plagarum
1443 3704 1481 3778 (b)
1506 3707 1585 3763 curis
1599 3709 1724 3765 refertos
1743 3709 1852 3766 mentis

1021 3790 1125 3848 oculos
1140 3791 1189 3848 ille
1204 3792 1255 3848 tibi
1271 3793 1427 3850 notissima
1445 3795 1614 3853 ratiuncula
1639 3797 1669 3854 in
1683 3798 1852 3871 respiratio·

1022 3880 1210 3947 nemetensi,
1227 3886 1358 3938 mentem
1374 3883 1697 3956 atqueintelligentiam
1710 3886 1809 3943 oculis
1823 3893 1852 3943 et

1022 3969 1081 4028 hoc
1096 3969 1210 4040 vulgari
1226 3975 1349 4043 aspectu
1375 3987 1441 4028 esse
1455 3973 1614 4030 meliorem
1630 3974 1796 4047 :quodnon
1812 3977 1853 4033 ita

1022 4059 1173 4127 esset,nisi
1189 4060 1286 4130 magis
1301 4065 1402 4116 essent
1412 4060 1461 4118 illa
1475 4062 1850 4137 quainteUigimusqunm

1022 4149 1082 4207 ista
1096 4165 1164 4223 quas
1183 4149 1344 4206 cernimus.
1357 4148 1410 4205 Cui
1429 4151 1647 4208 ratiocinationi
1666 4158 1764 4210 utrum
1778 4153 1852 4210 nibil

1021 4238 1121 4296 valide
1143 4237 1299 4295 inimicum
1319 4239 1365 4305 sit,
1381 4243 1451 4310 peto
1464 4255 1584 4298 mecum
1599 4242 1777 4300 consideres.
1792 4245 1852 4300 liae

1022 4343 1080 4399 ego
1090 4328 1208 4385 iuterim
1222 4333 1382 4393 recreatus,
1398 4344 1466 4384 cum
1477 4332 1536 4385 er
1550 4331 1579 4385 in
1588 4332 1733 4389 auxilium
1747 4331 1852 4404 depre-

1023 4422 1101 4486 cato,
1117 4417 1185 4474 etin
1201 4416 1347 4490 ipsurn,et
1361 4417 1390 4472 in
1406 4432 1442 4473 ea
1454 4419 1683 4490 quaererissime
1698 4436 1768 4477 vera
1781 4424 1853 4478 sunt

1023 4504 1116 4562 attolli
1127 4520 1257 4577 coepero,
1273 4509 1355 4562 tanta
1369 4521 1591 4579 nonnunquam
1604 4523 1704 4564 rerum
1728 4524 1852 4566 manen·

1022 4594 1098 4650 tium
1114 4595 1346 4667 presumptione
1361 4595 1525 4666 compleor,
1550 4601 1582 4652 ut
1597 4597 1686 4653 mirer
1700 4597 1850 4656 interdum

1023 4683 1074 4740 ille
1089 4684 1162 4740 mihi
1174 4699 1252 4755 opus
1266 4699 1333 4739 esse
1343 4683 1578 4752 ratiocinatione,
1593 4692 1625 4743 ut
1638 4685 1703 4744 haec
1716 4703 1780 4743 esse
1790 4703 1852 4745 cre-

1023 4771 1195 4845 demque
1222 4777 1305 4829 lanta
1333 4772 1437 4829 insunt
1462 4775 1632 4844 prasentia,
1660 4782 1775 4849 quanta
1794 4774 1851 4847 sibi

1022 4861 1634 4937 quisquesitpraesens.llecoleluquoque;
1645 4865 1852 4923 namtefateor

1023 4953 1116 5025 hujus
1134 4951 1246 5008 reicsse
1261 4951 1535 5022 diligentiorem,ne
1548 4953 1619 5025 quid
1635 4954 1851 5011 fortenesciens

1023 5041 1177 5115 rescriptis
1190 5040 1289 5098 adbuc
1301 5040 1516 5099 debeamNam
1524 5043 1665 5099 mibinon
1676 5042 1745 5100 fecit
1760 5043 1851 5100 fldem

1053 5161 1062 5193 ¹
1075 5160 1136 5213 Am.
1155 5157 1197 5208 Er.
1213 5160 1239 5207 et
1253 5157 1315 5206 lisa.
1328 5156 1391 5214 duo,
1406 5172 1459 5207 non
1476 5160 1553 5210 mole.

1053 5223 1134 5271 ¹ldss.
1150 5220 1279 5284 plerique,
1299 5221 1328 5268 in
1345 5221 1525 5282 respiratione.

1053 5286 1064 5304 ¹
1081 5285 1155 5334 Uene
1172 5284 1380 5346 recognovimus
1404 5283 1436 5333 ad
1453 5283 1517 5332 abl.
1546 5281 1589 5346 bg.
1601 5281 1643 5332 cb.
1658 5296 1703 5348 gg.
1720 5298 1766 5350 gv.
1783 5299 1810 5336 u.
1824 5300 1850 5345 r,

1022 5348 1063 5399 ab.
1077 5346 1145 5396 duos
1160 5349 1179 5396 t.
1196 5344 1265 5395 duos
1278 5359 1303 5393 v.
1316 5344 1349 5395 ad
1368 5348 1425 5393 Am.
1440 5344 1504 5394 fiad.
1521 5344 1565 5398 Er.
1586 5349 1612 5395 et
1631 5347 1691 5396 Lov.

1053 5412 1089 5473 tot
1109 5410 1178 5459 Alias
1197 5410 1337 5471 1172quoe
1364 5410 1455 5458 autem
1470 5409 1484 5456 t
1501 5411 1567 5465 orat,
1584 5423 1656 5460 nunc
1671 5411 1728 5465 lab.
1749 5411 1854 5478 Scripta

1022 5473 1172 5524 circaidem
1190 5474 1306 5534 tempus.

1053 5536 1089 5599 tt)
1105 5535 1136 5585 fd
1147 5540 1181 5584 est
1191 5533 1405 5599 phantasiamm.
