3952 6128
65 120 143 183 ῃ.
708 106 963 181 sussounnuu
981 108 1130 189 cusssqs
1146 110 1182 171 u.
1567 62 1573 73 ἰ
1722 114 1794 195 tit

71 241 187 318 (noun.
200 239 429 315 minueremus
441 237 498 297 Deo
511 238 543 297 in
557 238 664 312 reqione
677 239 800 295 senorum
813 236 904 308 (rsit.
960 234 1070 293 Cbristi
1082 243 1141 294 est:
1162 238 1244 311 euius
1266 255 1285 295 a
1303 240 1420 298 mortuis
1430 241 1657 299 resurreetionens
1677 257 1732 298 nnn
1746 258 1794 315 op

69 349 151 397 cxiv,
165 332 205 405 9).
214 330 366 389 Nameerts
379 335 404 386 et
417 328 490 385 iilud
500 328 639 402 Apostoli,
653 345 706 385 nou
717 327 805 384 solum
818 326 901 383 tooito
958 324 1150 396 prehendimus
1164 327 1195 383 in
1205 327 1307 399 pluria,
1321 331 1381 386 nisi
1392 339 1506 388 mortem
1519 332 1577 405 ejus
1588 332 1619 389 in
1631 347 1709 388 erues
1720 347 1793 389 mor-

71 422 175 479 useuts's
192 421 309 493 affectu,
335 419 381 475 sed
398 424 424 475 et
442 418 593 491 conspicuis
612 417 758 490 reliqiosus
781 414 902 487 impleuit
956 414 1068 487 libentis
1080 415 1207 473 membris
1220 424 1245 473 et
1260 419 1381 476 sensibus
1396 420 1490 477 earnis
1510 421 1655 477 imuemur
1668 442 1678 491 ,·
1691 426 1723 477 ut
1735 422 1792 494 p'om

71 509 183 583 ornetis,
198 515 230 566 ut
241 526 302 565 aum
315 515 379 565 esset
391 507 511 564 altorum
525 506 606 581 nujus
616 507 712 563 meoli
728 506 757 562 in
770 504 866 562 ordine
877 510 901 559 et
955 519 1010 560 non
1025 512 1118 560 nostra
1133 504 1269 563 uoluntate
1286 507 1418 577 oioaruus,
1441 510 1488 566 sed
1503 510 1591 575 illius,
1606 512 1686 581 eujus
1701 509 1793 567 uolun-

73 600 179 658 bonore
187 598 301 670 solima,
313 614 367 654 non
380 603 468 653 tomen
484 600 515 652 ui
528 596 662 669 qlariosus
674 603 769 661 terro,
782 594 845 650 alta
857 609 903 648 sa-
955 598 997 648 tas
1011 593 1190 665 sanctificatio
1207 601 1300 651 nostro
1315 602 1363 663 est,
1392 601 1479 670 etqui
1494 599 1553 655 ideo
1568 598 1707 671 pronubis
1721 615 1793 655 mor-

70 695 161 763 persi,
171 688 218 745 sed
227 694 259 745 ut
272 687 381 744 Obsisti
389 685 527 758 perfectus
540 685 669 741 imitator
683 681 830 740 lumibibus
842 697 903 737 non-
955 688 1018 738 tuur
1030 689 1069 738 est
1080 690 1105 739 et
1118 685 1285 748 resurreait,
1301 692 1332 742 ut
1340 688 1399 759 jam
1423 704 1477 744 non
1492 687 1577 753 uobis,
1592 687 1638 743 sed
1652 686 1698 744 illi
1715 689 1793 744 oino-

70 776 284 850 sentiretillons.
297 776 411 845 sudi),
419 780 443 830 et
455 781 510 830 tota
522 777 603 830 etiam
613 773 657 829 die
663 771 787 828 misereri
801 778 825 827 et
835 786 903 826 eam-
955 787 1024 838 mus,
1036 771 1084 845 qui
1094 788 1148 844 pro
1163 773 1239 829 nobis
1253 782 1377 833 mortuus
1390 784 1428 834 est
1446 784 1474 833 et
1496 778 1660 845 resurrexit,
1677 783 1704 834 et
1719 776 1793 834 dedit

71 866 185 923 nodare
195 866 366 938 persisteret.
379 863 494 921 llndeet
506 878 594 919 semen
608 864 666 935 ejus
675 868 768 933 potens
783 861 813 916 in
826 867 903 916 terra
956 859 1031 916 nobis
1043 860 1145 933 pipinus
1159 863 1377 934 repromissionis
1388 882 1445 922 suae
1460 865 1563 938 spiritu
1589 882 1647 932 suo,
1660 865 1730 922 sieut
1746 865 1794 937 pi·

70 956 178 1027 {astum
190 954 430 1025 est,intereosqui
440 951 484 1008 dii
494 954 580 1025 sortes
591 960 674 1009 terrse
682 950 798 1007 nimium
806 948 903 1005 abbati
954 951 1099 1021 qnusoitae
1118 957 1217 1008 nostroe
1233 953 1322 1023 posuit
1338 954 1369 1009 in
1384 954 1458 1011 eolis
1477 954 1508 1011 in
1524 970 1635 1025 corpore
1648 970 1708 1021 suo,
1724 954 1793 1027 quod

72 1050 139 1102 sunt
151 1067 162 1116 ,-
177 1049 208 1101 ut
219 1041 303 1100 etiam
313 1042 344 1099 de
358 1041 512 1099 beatum
522 1040 639 1113 familiae
651 1057 684 1097 oa
696 1039 789 1096 domm
795 1039 852 1112 ejus
863 1037 904 1094 oi·
957 1043 995 1093 est
1008 1045 1092 1103 eaput
1106 1041 1115 1076 ¹
1130 1041 1254 1112 eorporis
1266 1043 1368 1099 nostri.
1386 1043 1465 1102 Unde
1485 1060 1557 1100 nuno
1571 1043 1719 1115 suspectati
1732 1059 1794 1099 nos-

73 1134 205 1191 sitats'one
218 1140 344 1189 sanetum
357 1132 474 1188 bominis
488 1133 617 1188 meritum
629 1128 774 1186 reveletur.
792 1148 806 1181 u
823 1128 904 1184 Gene-
957 1133 1002 1183 tra
1017 1126 1148 1185 Dominus
1158 1136 1197 1186 est
1212 1136 1237 1186 et
1255 1131 1418 1198 substantia,
1440 1149 1500 1206 quae
1525 1132 1559 1188 ab
1575 1133 1632 1204 ipso
1652 1133 1728 1203 taeta
1754 1139 1793 1189 est

72 1224 160 1290 rotro,
174 1223 303 1295 »inquit
319 1242 334 1273 u
349 1228 484 1278 raetorum
499 1220 681 1278 benediaetur.
697 1218 801 1282 Gloria,
819 1236 834 1270 n
850 1233 903 1273 non
956 1217 1031 1288 opud
1041 1217 1142 1289 ipsum,
1155 1225 1180 1274 et
1196 1219 1226 1274 iu
1242 1220 1310 1292 ipso,
1326 1228 1351 1277 ei
1365 1238 1416 1292 per
1430 1223 1528 1295 ipsum,
1545 1221 1594 1294 qui
1606 1221 1794 1292 ooniorsnatus

73 1314 189 1376 eaduoo,
205 1319 256 1368 eet
270 1310 421 1380 dioitiae‚s
443 1326 496 1367 non
514 1308 639 1377 labentes,
656 1328 669 1361 e
684 1309 715 1364 in
727 1307 804 1363 mmo
816 1308 903 1379 ejus»
957 1313 997 1362 est
1011 1308 1119 1379 eorpori
1131 1307 1296 1365 numilitatis
1305 1316 1416 1375 nostrae,
1428 1318 1458 1368 ut
1473 1327 1522 1366 nos
1536 1309 1718 1381 ooniormaret
1730 1326 1793 1366 eor·

74 1400 164 1475 (Psoi.
179 1415 238 1467 cxi,
253 1405 280 1467 t,
293 1401 342 1474 3);
362 1399 511 1472 domoquae
533 1396 688 1470 sedifieatur
708 1397 738 1453 in
752 1395 835 1464 eolis,
851 1411 905 1451 non
955 1395 1537 1467 poriplorisesuae,eiseeumineolestibus
1546 1398 1792 1472 mlloeoret.Prop·

74 1489 169 1547 labore
183 1505 322 1554 manuum,
336 1488 382 1545 sed
390 1504 501 1560 operum
513 1487 666 1544 sanetitote.
679 1485 734 1543 Sed
744 1501 813 1541 sesso
819 1483 906 1556 plura
958 1491 1033 1541 terea
1046 1491 1073 1541 et
1087 1487 1136 1559 qui
1144 1487 1226 1559 diqni
1244 1489 1356 1560 suerint
1372 1490 1429 1546 uilo
1440 1498 1554 1554 aeternm
1569 1496 1650 1546 erunt
1661 1490 1692 1544 in
1700 1488 1794 1561 qloria

72 1580 106 1636 de
117 1579 251 1636 inemoriu
259 1585 315 1635 tam
326 1577 420 1635 niteat
431 1577 502 1633 mibi
509 1594 590 1650 quam
601 1575 690 1632 dromi
701 1574 811 1633 illsristo
820 1574 906 1630 bomi·
958 1574 1038 1645 requs'
1050 1575 1118 1645 eius,
1133 1583 1164 1632 ut
1187 1592 1247 1633 eum
1274 1577 1333 1649 ipsa
1356 1578 1412 1634 siut
1443 1577 1470 1650 (l
1487 1578 1575 1634 Tbess.
1591 1593 1632 1643 tv,
1650 1578 1703 1650 ib),
1723 1577 1793 1634 siout

74 1670 119 1726 nis
130 1684 277 1735 enanore,
292 1685 352 1724 oum
364 1675 389 1724 et
402 1668 531 1740 pristinis
547 1666 646 1724 litteris
657 1682 710 1721 non
724 1681 815 1737 pauca
824 1680 905 1736 super
958 1663 1103 1735 Apostolus
1120 1664 1173 1731 ait,
1188 1671 1214 1721 et
1232 1682 1293 1723 eum
1320 1666 1378 1739 ipso
1391 1673 1530 1733 maneant,
1545 1668 1615 1723 suut
1630 1672 1656 1724 el
1670 1667 1725 1739 ipse
1740 1666 1793 1723 Do-

74 1776 104 1817 eo
115 1774 247 1815 narrasse
256 1775 297 1814 me
311 1764 442 1830 reputem,
458 1763 484 1813 et
492 1756 566 1813 nibrl
577 1757 675 1831 possim
690 1755 721 1811 de
737 1754 813 1811 beata
825 1754 906 1826 buius
958 1753 1050 1808 minus
1063 1753 1100 1809 ad
1110 1754 1222 1811 Patrem
1236 1755 1309 1813 diait
1320 1774 1357 1813 :s
1377 1757 1444 1814 Volo
1458 1764 1489 1814 ut
1499 1757 1549 1814 ubi
1562 1773 1608 1829 eqo
1618 1773 1689 1823 sum,
1709 1761 1735 1813 st
1747 1755 1795 1813 illi

75 1848 237 1922 fiiiimatre,
245 1855 270 1904 et
279 1855 432 1905 mortorum
442 1843 907 1920 pori¹rodieeramorum,lleianio
957 1843 1014 1898 sint
1029 1858 1158 1899 meeum»
1174 1844 1265 1917 (loon.
1280 1861 1350 1912 xvu,
1367 1846 1425 1919 24).

76 1937 175 1995 melius
187 1941 237 1994 aui
249 1937 370 1994 sanetius
382 1935 545 2009 proedieare,
560 1953 640 2009 quom
659 1935 795 1992 Sanotitos
814 1941 862 1990 tua
876 1933 906 1989 in
994 1929 1022 1986 6.
1038 1930 1101 1988 Sine
1113 1932 1194 1989 dubio
1214 1933 1262 1990 boo
1275 1934 1346 1991 illud
1365 1934 1488 2008 estquod
1509 1936 1539 1991 in
1555 1934 1674 1992 Psalmis
1691 1935 1792 1993 babes:

75 2043 138 2084 eom
150 2026 261 2099 profari
275 2033 300 2083 et
313 2026 455 2098 disputare
468 2025 581 2098 diqnota
594 2032 653 2095 est,·
669 2030 699 2081 ut
711 2024 777 2098 quia
789 2039 834 2095 eqo
845 2038 906 2095 pee-
961 2019 1067 2076 «Beati
1073 2022 1122 2092 qui
1132 2021 1257 2079 ltabs‘tant
1268 2025 1299 2080 in
1311 2023 1386 2081 domo
1400 2031 1449 2081 tuo
1464 2024 1793 2097 „immitissimorum

75 2123 156 2173 sator
170 2116 312 2172 immunda
324 2114 397 2172 lobio
411 2115 598 2183 lsabeus,nibil
607 2115 720 2186 diqssum
728 2113 802 2185 loqui
812 2119 905 2184 potue·
960 2106 1109 2165 laudabunt
1122 2117 1170 2166 tes
1184 2112 1271 2183 (Psoi.
1284 2129 1405 2182 mutu,
1421 2114 1460 2185 5).
1472 2114 1543 2170 Puto
1555 2121 1647 2171 autem
1660 2112 1793 2171 Munian-

76 2222 152 2272 rom,
165 2212 197 2262 ut
212 2204 377 2278 lonqinquue
391 2222 408 2260 a
420 2204 528 2261 meritis
537 2203 600 2276 fidei
613 2204 671 2277 ejus
684 2203 837 2275 animoque
849 2201 907 2256 m'r·
959 2196 1093 2255 dationem
1107 2200 1215 2257 ooeibus
1238 2202 1442 2259 concinentium
1461 2219 1514 2259 esse
1528 2203 1721 2276 promentium:
1740 2203 1795 2260 etsi

76 2293 194 2360 tutibus,
220 2301 251 2351 tu
269 2293 315 2350 iile
333 2293 379 2350 nir
393 2293 510 2363 Gbrisii,
527 2293 618 2349 dortor
639 2291 727 2349 Israel
742 2294 771 2348 in
785 2289 907 2347 licelesia
960 2287 1178 2345 immutabuntur
1191 2298 1346 2349 sanatorum
1361 2294 1795 2365 resurqentiumeorpora,utsint

78 2384 218 2449 ueritatis,
233 2390 398 2455 procurante
410 2383 441 2438 in
465 2382 562 2438 melius
580 2380 751 2455 Deiqratia,
765 2378 908 2453 pororeris
958 2377 1030 2435 sieut
1041 2379 1292 2454 etllominioorpus
1299 2382 1752 2455 postresurreationemopparuit;
1763 2381 1794 2438 iu

76 2473 191 2545 diqssim
204 2479 260 2529 tam
271 2472 364 2528 uirilis
376 2472 407 2527 in
426 2471 537 2529 Gbristo
550 2474 650 2529 animae
664 2470 845 2542 praediaatar,
860 2469 909 2542 qui
960 2469 1111 2541 quantique
1120 2472 1335 2529 resurrectionis
1343 2471 1793 2544 bumonaeoioaimoqopraesulsit,

77 2570 228 2621 sistentem
240 2563 298 2633 ejus
307 2561 402 2618 diuina
413 2562 516 2619 uirtute
523 2562 672 2635 firmatam,
683 2568 714 2617 ut
723 2559 793 2625 diei,
804 2560 908 2632 spiritu
961 2563 992 2614 ut
1002 2557 1141 2615 Dominus
1153 2560 1219 2631 ipse,
1234 2560 1281 2632 qui
1296 2561 1326 2616 iu
1338 2577 1450 2633 eorpore
1463 2562 1521 2634 ipso
1534 2578 1585 2634 quo
1597 2577 1690 2634 passus
1698 2560 1791 2632 fuerat

77 2654 211 2726 propiore
223 2652 396 2724 eonspioeres,
413 2659 440 2709 et
454 2651 568 2708 mistam
587 2668 647 2708 eum
661 2653 764 2707 uirtute
779 2650 908 2722 pietatem
960 2650 1791 2724 etresurreserat,quosispeaulumeontemplationisomnibus

78 2740 322 2814 eloquiodiqniore
341 2740 481 2797 laudares.
962 2736 1791 2813 suerit.Quiutiqueeumineudemearne,quamortuusetse·

113 2833 144 2888 b.
158 2829 224 2897 Ouse
233 2846 296 2885 oero
306 2836 364 2902 post
374 2829 595 2886 resurrectionem
604 2828 697 2885 normis
708 2828 739 2884 in
749 2828 798 2884 illo
808 2827 908 2885 saeeulo
961 2825 1164 2898 pultusfuerot,
1174 2829 1379 2895 resurreaisset,
1390 2830 1513 2885 omnium
1518 2830 1707 2902 omns'aoffirs'o
1713 2846 1793 2886 mem-

78 2918 221 2976 beatorum
234 2920 332 2989 tuturo
342 2918 468 2984 silantia,
482 2923 492 2954 ¹
504 2921 535 2973 lu
548 2934 590 2974 me
600 2917 769 2991 interroqore
780 2916 909 2990 diqnatus
962 2913 1072 2971 brorum
1083 2932 1209 2989 expressa
1217 2917 1302 2974 oeulis
1314 2925 1339 2974 et
1353 2918 1468 2973 auribus
1481 2919 1618 2975 bominum
1631 2935 1700 2990 saepe
1711 2918 1793 2975 eolla·

77 3024 116 3067 es.
130 3006 170 3064 As
185 3023 231 3081 eqo
244 3006 276 3063 de
289 3007 417 3080 proemii
431 3007 495 3063 oitae
508 3023 571 3063 meae
582 3013 656 3063 statu
665 3013 698 3063 ut
710 3007 871 3079 moqislrum
883 3013 908 3063 et
961 3010 1005 3059 tus
1017 3006 1028 3040 ¹
1039 3004 1177 3062 eoebibuit.
1190 3005 1299 3072 Quodsi
1305 3005 1617 3079 stinmdnqeli,quorum
1629 3008 1793 3080 simplieiter

76 3096 213 3154 nundinum
224 3096 399 3169 spiritualem
412 3096 528 3166 consulo,
542 3102 573 3152 ut
586 3096 679 3153 doceas
698 3113 738 3152 me
755 3097 845 3170 q'oeere
864 3112 909 3152 oo-
960 3093 1117 3165 spiritualis
1129 3100 1167 3150 est
1176 3100 1315 3165 ereatura,
1326 3095 1437 3169 linquas
1447 3095 1689 3164 baberediaunlur,
1696 3097 1793 3169 quibus

77 3186 200 3244 luntotes
215 3184 277 3255 Dei,
286 3186 396 3258 tuisque
404 3185 525 3258 oestiqiis
538 3185 677 3243 ambulare
686 3194 743 3259 post
755 3186 906 3254 Christum,
961 3183 1054 3255 utique
1066 3182 1158 3240 lauder
1164 3183 1279 3241 Domina
1288 3185 1522 3243 oreotorieaniont
1532 3192 1557 3243 et
1571 3188 1678 3259 pretias
1687 3189 1792 3260 referre

76 3283 103 3334 et
115 3282 203 3332 narte
215 3276 270 3331 s'sta
284 3274 435 3348 eoonqelieo
445 3274 526 3348 prius
538 3275 634 3344 emori,
649 3292 703 3348 qna
716 3275 854 3331 canalem
868 3291 908 3331 re·
960 3289 1014 3328 non
1027 3271 1165 3339 desinunt,
1185 3281 1285 3346 quanto
1298 3275 1385 3348 moqis
1400 3274 1548 3343 bominum,
1564 3277 1614 3332 etsi
1627 3276 1794 3349 spiritualia

75 3364 240 3423 saluimum
249 3364 614 3437 noluntariopraeoenimus¹
625 3380 736 3431 esessu,·
755 3381 808 3421 non
821 3364 907 3433 obitu,
956 3362 1079 3434 jamposi
1090 3364 1721 3437 resurreetiorumeorpora,manentibustamen
1733 3365 1792 3438 qlo-

76 3454 123 3511 sed
133 3454 269 3512 muntia
282 3453 431 3511 resedentes
444 3454 478 3510 ob
492 3454 677 3528 buiussseeuli
690 3457 758 3522 oila,
773 3471 832 3527 quse
854 3457 909 3511 ista
960 3451 1076 3523 ridentes
1092 3454 1186 3509 narnis
1195 3453 1321 3511 omnibus
1334 3453 1469 3521 membris,
1478 3462 1503 3511 et
1512 3471 1563 3527 per
1574 3455 1665 3512 omnia
1676 3454 1795 3511 membra

76 3545 269 3608 tentationum,
280 3542 330 3609 bel,
344 3550 375 3600 ut
387 3548 416 3600 tu
427 3544 577 3616 aliquando
586 3543 622 3600 od
633 3561 674 3601 me
690 3545 795 3601 brutus
803 3561 840 3609 es,
852 3551 909 3601 tota
959 3540 1059 3612 formis
1073 3549 1098 3598 et
1115 3543 1238 3600 numeris
1250 3545 1318 3612 suis,
1341 3550 1367 3600 et
1386 3544 1496 3616 linquas
1511 3543 1642 3601 babebunt
1657 3545 1688 3601 in
1703 3545 1795 3601 oribus

78 3634 195 3691 mutatio
205 3639 256 3690 est.
273 3632 385 3691 Utinam
398 3649 462 3704 erqo
474 3634 514 3689 sie
528 3632 689 3705 diriqantur
703 3634 755 3690 oiae
770 3650 834 3691 meae
850 3640 908 3706 post
947 3631 1027 3695 suis,
1040 3637 1066 3685 et
1078 3630 1180 3703 linquis
1194 3632 1340 3702 effantibus
1352 3633 1454 3690 dobunt
1477 3649 1560 3701 ooees,
1576 3634 1675 3706 quibus
1686 3634 1796 3691 diuinos

78 3724 196 3795 oestiqia
207 3730 265 3788 tua,
277 3729 307 3779 ut
317 3721 437 3792 eaemplo
447 3728 492 3779 tuo
500 3723 603 3779 soluens
612 3724 820 3780 aaleeamentum
834 3730 908 3779 uetus
962 3719 1053 3775 laudes
1067 3720 1108 3775 oei
1121 3737 1250 3777 sensuum
1264 3739 1374 3778 suorum
1389 3723 1608 3796 qaudiarumque
1621 3725 1733 3795 opertus
1746 3741 1796 3797 per

76 3812 110 3870 de
118 3811 231 3884 pedibus
243 3810 319 3877 meis,
329 3810 496 3883 disrumpam
505 3812 616 3868 nisseula
625 3828 694 3881 mea,
705 3819 730 3868 et
740 3811 812 3868 liber
821 3811 908 3869 rasul-
960 3808 1042 3864 uerba
1051 3808 1220 3880 depromunt.
1236 3811 1318 3867 Forte
1330 3813 1411 3868 etiam
1423 3812 1469 3868 boe
1479 3814 1581 3884 qratiae
1594 3812 1740 3885 qloriseque
1748 3830 1796 3885 ap-

77 3908 133 3959 tsus
145 3900 183 3957 ad
205 3899 370 3958 surrendum
389 3902 473 3970 osam,
489 3916 541 3973 quo
558 3900 654 3973 possim
674 3901 779 3973 assequi
797 3906 908 3956 mortem
960 3898 1195 3969 positurosonetis
1217 3899 1275 3956 suis
1290 3898 1416 3967 Domino,
1433 3900 1464 3955 in
1482 3899 1592 3957 suculis
1604 3901 1684 3972 requi
1696 3900 1750 3967 sui,
1763 3906 1795 3958 ut

77 3991 172 4055 istam
184 4006 240 4063 qua
253 3996 284 4046 tu
299 3995 419 4046 mortuus
433 4006 460 4045 es
473 3989 536 4046 buis
550 3989 657 4056 saeeulm
674 3996 703 4046 ut
717 3991 792 4046 ninas
806 3990 863 4046 Deo
878 3990 908 4044 in
962 3993 1037 4043 tanto
1050 3986 1201 4058 potioribus
1208 3987 1310 4061 linquis
1319 3989 1577 4059 etooeibuseonant,
1585 3989 1797 4062 quantoodbea·

79 4080 196 4139 Glsrs‘slo
206 4080 315 4137 uiuente
332 4078 363 4134 in
378 4085 415 4143 te,
428 4080 508 4152 eujus
520 4086 546 4136 et
557 4095 629 4136 mors
643 4086 668 4135 et
680 4080 739 4135 uita
753 4080 783 4134 in
797 4094 909 4152 corpore
961 4076 1057 4132 liorem
1072 4083 1204 4133 noturam
1217 4094 1363 4150 corporum
1378 4077 1455 4135 beata
1468 4080 1657 4135 immutatione
1670 4078 1795 4152 moseos·

77 4176 126 4226 tua
136 4174 163 4225 et
173 4166 287 4226 wsdeet
296 4182 344 4224 ore
353 4168 520 4241 eoqnasoitur
532 4168 618 4241 lquio
629 4185 682 4225 non
694 4169 766 4241 sapit
776 4185 822 4224 oor
831 4176 909 4225 tuum
961 4165 1031 4232 rint,
1040 4172 1069 4221 ut
1083 4165 1113 4221 in
1127 4166 1284 4238 corporibus
1292 4168 1351 4240 jam
1363 4167 1566 4239 spiritualibus
1574 4168 1725 4233 eonstituti,
1735 4169 1796 4241 jam

76 4266 201 4324 terrm,
214 4274 262 4313 nee
271 4273 301 4313 os
312 4263 369 4314 tuns
379 4257 501 4330 loquitur
522 4274 606 4330 opera
619 4257 756 4316 bominum
768 4276 779 4326 ;
791 4260 837 4315 sed
848 4276 910 4315 oer-
961 4255 1081 4325 torrium
1094 4272 1148 4311 nou
1160 4256 1297 4323 bumanis,
1309 4256 1423 4313 sediliis
1438 4257 1570 4329 aspertus
1587 4264 1669 4330 atque
1682 4257 1797 4317 eatestt-

78 4348 144 4406 burn
155 4348 263 4405 illsrs'sti
272 4345 390 4404 abundat
408 4347 439 4403 in
451 4354 556 4419 pretore
569 4353 626 4413 tuo,
639 4354 666 4406 et
679 4349 796 4420 spiritus
809 4349 910 4405 nerito·
962 4344 1149 4416 bus,quolesA
1152 4346 1273 4416 postolos
1281 4346 1390 4403 audiuit
1397 4348 1429 4402 in
1440 4347 1570 4418 paradiso
1577 4347 1622 4418 (Il
1629 4347 1694 4404 Cor.
1705 4361 1756 4414 111,
1767 4348 1795 4418 l)

78 4439 118 4495 lis
131 4436 285 4509 effunditur
299 4437 330 4494 in
343 4435 438 4509 linquo
459 4445 509 4494 tua
522 4438 638 4510 superni
660 4438 784 4509 {luminis
808 4439 911 4510 impetu
961 4434 1127 4490 sermonibus
1137 4434 1311 4506 eloquantur.
1327 4435 1433 4491 d'tideo
1445 4435 1568 4505 forsitan
1580 4435 1685 4491 bomini
1701 4434 1798 4507 inela-

80 4526 225 4599 iaets'fieons
236 4526 373 4584 eiomatem
388 4525 446 4582 Dei.
964 4522 1032 4578 biles
1047 4540 1089 4579 eos
1103 4525 1447 4595 sermonestuissetestatus
1459 4531 1508 4590 est,
1520 4524 1586 4597 quia
1595 4525 1708 4591 sanetis,
1723 4524 1798 4581 inter

112 4617 144 4673 5.
160 4616 226 4684 Oua
240 4622 332 4673 autem
346 4615 434 4673 virtus
448 4615 517 4672 bono
544 4616 572 4671 iu
587 4613 663 4671 nobis
681 4615 764 4688 efficit
785 4620 910 4686 mortem,
962 4611 1034 4667 alios
1045 4612 1220 4683 proemiarum
1233 4614 1342 4684 speeies,
1361 4614 1420 4685 iam
1435 4629 1511 4669 nooae
1527 4612 1629 4685 linqua
1641 4620 1794 4685 parantur.

80 4705 137 4765 nisi
147 4705 282 4771 ebaritas,
296 4720 361 4777 qum
371 4705 454 4776 [ortis
474 4712 512 4761 est
527 4713 556 4761 us
573 4720 644 4761 mors
658 4704 672 4759 t
686 4704 729 4761 sie
741 4706 814 4761 enim
829 4706 910 4763 obiit·
965 4700 1069 4768 Quibus
1080 4701 1430 4775 idoiroobominibusbujus
1442 4701 1538 4759 sseeuli
1546 4701 1634 4759 odbue
1645 4702 1689 4758 uti
1698 4720 1751 4760 non
1762 4701 1798 4759 ts·-

80 4800 156 4854 terst
169 4794 245 4851 uotis
260 4800 286 4850 es
296 4794 410 4867 pertun
426 4793 473 4850 nee
487 4795 625 4863 mentum,
640 4802 670 4850 us
684 4794 795 4867 impleas
814 4797 911 4853 mortis
964 4790 1287 4864 praemuniendus
1298 4808 1355 4848 sue
1366 4791 1575 4865 suborientibus
1588 4792 1798 4851 inmortaleslo

81 4886 210 4956 sumum
218 4900 271 4956 per
283 4883 408 4953 allectum
417 4882 534 4949 Gbristi,
547 4883 578 4938 in
589 4900 664 4955 quem
677 4886 799 4941 conuersi
810 4885 911 4940 auerti·
963 4887 1094 4954 quantur,
1110 4881 1142 4936 de
1153 4880 1250 4953 quibus
1267 4881 1371 4938 dietum
1385 4889 1434 4949 est,
1450 4902 1463 4935 s
1479 4882 1591 4939 Etenim
1604 4882 1758 4939 elomobunt
1771 4888 1797 4938 et

79 4972 191 5032 seurob
202 4973 248 5029 bae
262 4972 372 5039 mundo,
387 4980 411 5029 et
426 4973 472 5029 eui
483 4973 597 5028 uiuentes
611 4974 747 5030 morimur
757 4974 790 5029 ab
799 4975 912 5032 elemen·
964 4972 1090 5044 qunum
1116 4970 1205 5027 disent
1224 4992 1238 5021 n
1253 4971 1341 5035 (Psal.
1374 4987 1448 5040 utu,
1481 4974 1547 5043 ts);
1565 4968 1752 5044 proculdubio
1766 4970 1798 5026 in

78 5064 117 5122 tis
128 5063 211 5136 liujus
224 5063 328 5119 mundi.
342 5062 399 5121 Nee
414 5068 542 5135 tauquam
557 5063 675 5119 uiuentes
689 5064 720 5119 in
733 5080 824 5121 eorum
839 5082 912 5123 eons-
963 5059 1124 5125 aaeiestibus,
1140 5059 1188 5117 ubi
1199 5076 1260 5116 aum
1273 5060 1388 5118 Donsino
1408 5068 1498 5127 eruut,
1511 5067 1536 5116 et
1550 5058 1755 5116 deieetabuntur
1767 5058 1798 5115 s’n

76 5160 160 5229 peetu
177 5152 312 5226 nisuque¹
335 5151 511 5219 demsmimus,
530 5153 596 5224 quia
619 5152 709 5225 portio
727 5160 822 5210 nostro
841 5172 911 5212 mors
965 5148 1137 5227 abundantia
1161 5150 1245 5223 posis,
1260 5151 1404 5222 qaudrntes
1418 5150 1449 5206 in
1460 5157 1601 5222 conspeetu
1615 5147 1718 5216 tbroni,
1732 5149 1798 5206 mit·

944 5259 945 5262 ¹
966 5243 1048 5295 tentes
1061 5244 1124 5294 onte
1136 5238 1214 5311 pedes
1223 5239 1299 5312 Aqui
1308 5246 1419 5312 pateras
1431 5246 1456 5295 et
1469 5242 1758 5304 eoronas,et·oanentes
1770 5237 1797 5296 ei

111 5324 121 5357 ¹
138 5320 215 5380 1⁶⁰2,
231 5324 318 5385 ΜΝ·
964 5329 1101 5385 nauticum
1114 5345 1222 5399 nouum,
1240 5328 1381 5401 oqqreqati
1396 5328 1487 5384 eboris
1506 5327 1683 5400 Anqelbrum,
1703 5326 1799 5386 Virtu-

110 5384 912 5559 2ffl’v’jmfflssmfldmwmmmmm
966 5422 1034 5484 tum,
1045 5416 1277 5505 quinationum,
1286 5417 1539 5484 Tbronarum,ulet
1550 5418 1606 5492 ipsi
1617 5432 1680 5477 oum
1689 5416 1800 5479 ateru-

79 5509 165 5583 toeos‚
181 5509 302 5573 aliosque
313 5508 405 5575 plures
419 5508 479 5560 ndi’
499 5509 713 5561 imeraooensem
724 5512 844 5565 codicem
855 5528 913 5565 aor-

79 5584 211 5624 eenmus.
244 5632 251 5645 ·
996 5576 1435 5642 ¹1⁸,Phimnroomittiteoput

112 5633 189 5687 ¹1⁸.
204 5632 348 5694 eumue,
362 5646 471 5702 usuque.
996 5639 1092 5703 ¹Lov.,
1102 5642 1208 5700 eottote,
