3952 6128
769 21 776 30 a
810 18 820 31 ι
874 18 971 31 μ...-
1018 20 1126 34 ..α-...-

164 307 202 363 ott
804 298 835 355 S.
856 294 1048 356 nuousrtnl
1069 294 1229 353 EPlSCOPl

164 432 218 489 tibi
233 432 307 488 circa
321 430 502 487 bumilitatem
511 430 630 483 nostram
644 427 728 483 inesse
741 425 868 493 docuisti,
883 425 990 481 domine

165 538 227 579 aere
235 528 335 585 sancte,
347 527 373 575 et
385 519 482 575 merito
496 516 644 573 beatissime
655 533 688 571 ac
699 514 899 572 desiderabilis.
911 516 990 570 Acce·

164 612 333 683 pimusenim
344 626 393 680 per
401 605 810 662 bantinemnostrumluliaaum
822 603 853 658 de
870 603 989 659 Cartba-

165 702 229 773 pine
241 705 427 761 revertentem,
443 696 550 751 litteras
564 694 749 751 tontamnobis
761 692 923 749 Sanctitatis
937 699 989 747 tuce

166 790 250 846 lucem
268 790 419 859 afferentes,
439 792 470 842 ut
489 785 563 841 nobis
575 784 735 840 claritatem
753 790 827 839 luam
839 799 892 837 non
904 797 989 853 apno·

164 895 246 948 scere,
256 875 656 949 sedrecopnoscereoideremur.
671 874 741 939 Quia
749 872 872 928 uidelicet
883 889 916 927 ec
927 872 987 940 illo,

163 966 416 1042 quinosabaripine
426 961 792 1035 mundiprsedestinaoitsibi,
807 960 989 1017 clsaritasista

165 1057 297 1123 manaoit,
318 1057 347 1111 in
368 1072 419 1127 qua
427 1054 497 1125 sacti
508 1069 599 1109 sumus
613 1059 755 1123 autequam
769 1051 840 1118 nati,
855 1051 920 1122 quia
934 1050 989 1120 ipsc

163 1147 228 1220 [scit
242 1163 299 1212 nos,
314 1152 339 1201 el
354 1161 408 1200 nou
418 1142 471 1215 ipsi
485 1158 533 1197 nos
545 1142 633 1209 (Psal.
654 1157 729 1205 xcix,
744 1140 782 1207 3),
798 1139 844 1211 qui
857 1138 921 1209 lecit
933 1154 991 1209 quem

164 1232 532 1311 suturasuntllujusipitur
541 1230 742 1302 prescientiaet
752 1229 990 1300 operesormatiin

163 1325 371 1385 similitudinem
380 1322 547 1377 voluntatum
556 1326 593 1375 est
604 1320 733 1375 cessitatem
746 1319 815 1389 fidei
825 1317 990 1373 oelunitatis

164 1414 424 1490 pmmpraveutmse
437 1411 562 1466 notitiam
572 1409 707 1465 claritate
720 1409 835 1463 conneei
846 1423 947 1471 sumus,
959 1414 988 1461 ut

163 1522 211 1562 uos
223 1504 335 1559 inuicem
345 1509 407 1557 ante
421 1500 575 1572 corporales
588 1496 989 1569 conspectusreuelantespiritu

162 1611 338 1653 nosceremus.
350 1591 532 1647 Gratulomur
540 1588 818 1660 ilapneetploriamur
828 1586 989 1650 inllamino,

163 1684 211 1757 qui
225 1700 295 1740 unus
309 1690 388 1753 atque
400 1680 469 1735 idem
485 1679 580 1750 ubique
594 1683 733 1733 terrarum
746 1683 875 1748 operetur
892 1676 923 1730 in
932 1677 990 1730 suis

163 1769 528 1840 dilectionemsuamSpiritu
537 1774 636 1829 sancto,
644 1781 722 1837 quem
732 1781 991 1837 superomnemcar·

163 1880 223 1920 nem
234 1880 247 1918 ι
272 1862 341 1927 udit,
357 1859 479 1930 {luminis
491 1858 591 1928 impetu
606 1856 745 1927 laetificans
756 1856 890 1910 ciuitatem
901 1871 987 1910 suant.

163 1952 199 2009 lu
212 1953 289 2023 cujus
301 1958 326 2007 te
340 1949 443 2004 ciuibus
455 1947 638 2019 principalem
651 1943 991 2017 cumpriucspibuspopuli

162 2042 217 2109 sui,
233 2038 443 2111 sedeapostolica
456 2034 990 2105 meritocollocaoit:uosqueetiamquas

163 2130 346 2196 srecilelisos,
357 2133 383 2184 et
392 2128 423 2182 de
430 2134 508 2183 terra
516 2126 605 2197 inopes
610 2125 761 2192 suscitarit,
771 2127 799 2179 in
807 2130 899 2180 vestra
906 2124 989 2179 uoluit

162 2228 235 2277 sorta
252 2218 405 2275 numerari.
421 2216 474 2273 Sed
496 2215 582 2286 osopio
595 2216 771 2285 pratulamur
780 2214 811 2267 in
835 2230 864 2269 eo
880 2212 990 2268 Domini

163 2325 282 2373 munere,
295 2323 349 2380 quo
362 2322 408 2362 nos
422 2305 452 2360 in
463 2305 582 2376 pectoris
594 2304 635 2358 ιιιιΙ
650 2301 816 2357 habitatione
830 2301 991 2372 constituil,·

163 2414 266 2472 quoque
284 2398 326 2453 ita
350 2394 494 2451 uisceribus
508 2394 566 2448 tuis
580 2392 724 2447 insinuare
749 2391 877 2463 dipnatus
891 2397 939 2457 est,
959 2396 990 2446 ut

161 2488 327 2562 peculiarem
346 2484 421 2539 nobis
439 2482 585 2538 claritatis
598 2488 652 2536 tua
665 2481 792 2551 fiduciam
814 2480 990 2545 vindicemus,

165 2578 208 2633 bis
223 2576 322 2648 officiis
336 2581 414 2646 atqcue
429 2570 585 2627 muneribus
597 2571 744 2641 provocati,
761 2578 791 2625 ut
805 2586 850 2625 nas
864 2569 991 2641 diffiden-

165 2674 209 2723 ter
220 2672 269 2722 aut
287 2665 382 2720 leniter
396 2671 420 2719 te
430 2677 522 2717 armare
537 2677 590 2716 uon
606 2660 697 2716 liceat.

200 2760 226 2812 2.
242 2754 400 2826 Accepimus
413 2753 485 2806 enim
500 2750 605 2822 insipne
618 2751 785 2821 precipuum
801 2748 952 2805 dilectionis
966 2755 990 2803 et

164 2843 362 2902 sollicitudinis
388 2848 450 2907 tuce,
468 2856 533 2912 opus
558 2841 649 2894 sancti
662 2847 687 2894 et
700 2839 816 2911 perfecti
834 2841 865 2894 in
879 2839 992 2893 mmino

165 2933 346 2999 Gloristociri,
354 2931 456 3003 fratris
465 2932 553 2985 nostri
563 2929 714 3000 dupustini
723 2928 804 2986 libris
812 2929 992 3000 quiesquecon-

164 3024 276 3097 fectum,
292 3023 361 3096 quod
375 3023 415 3077 ita
423 3020 559 3075 miramur
571 3026 649 3089 atque
661 3018 830 3089 suspicimus,
845 3023 877 3074 ut
889 3018 993 3074 dictata

164 3112 300 3170 diuinitus
317 3110 399 3167 uerba
413 3109 563 3167 credamus.
592 3106 685 3179 ltaque
699 3107 799 3178 fiducia
818 3107 993 3179 suscipienda

167 3203 243 3261 nobis
253 3201 450 3259 unanimitatis
462 3205 523 3268 tua,
531 3195 817 3268 etadipsumscribere
825 3197 992 3262 ousisumus,

164 3292 228 3349 dum
243 3308 291 3349 nos
305 3291 353 3348 illi
371 3307 419 3362 per
434 3296 468 3359 te,
485 3287 556 3343 etde
571 3286 713 3358 imperitia
730 3286 901 3350 excusandos.
919 3286 992 3341 etad

162 3382 324 3440 clsaritatem
336 3377 554 3436 commendandos
564 3376 753 3447 presumimus
766 3392 774 3440 ,·
786 3375 855 3431 sicut
868 3382 893 3429 et
907 3376 992 3429 omni·

162 3471 209 3528 bus
223 3470 331 3537 sanctis,
348 3485 463 3540 quorum
476 3482 523 3521 nos
548 3471 573 3520 et
587 3465 736 3520 absentium
750 3465 843 3535 officiis
861 3465 992 3535 sospitare

164 3561 292 3633 dipnatns
306 3576 340 3624 rs,
353 3558 417 3629 pari
432 3555 525 3628 procul
537 3553 770 3610 ‹lubiocuraturus
784 3554 890 3624 affectu,
899 3560 928 3609 ιιι
943 3570 993 3625 per

164 3650 344 3707 Sanctitatem
357 3654 441 3710 tuam,
450 3645 549 3701 nostris
560 3644 673 3699 inuicem
683 3643 840 3700 salutentur
849 3643 990 3716 obsequiis,

164 3746 189 3796 et
206 3739 234 3794 in
244 3739 315 3794 clero
329 3736 488 3793 Sanctitatis
504 3742 556 3789 tuce
569 3734 686 3799 comites,
702 3740 727 3788 et
741 3734 771 3787 in
784 3733 953 3788 monasteriis
961 3734 992 3805 p·

165 3828 209 3885 dei
223 3845 254 3884 aa
271 3828 385 3883 uirtutis
400 3833 452 3882 tuse
461 3824 640 3880 tumulatores.
657 3822 729 3880 Nam
742 3823 791 3878 etsi
806 3823 835 3878 in
847 3824 952 3895 populis
962 3840 992 3878 ac

164 3932 246 3990 super
255 3915 382 3989 populum
394 3930 468 3986 apos,
484 3930 543 3969 ores
559 3928 663 3984 pascua
683 3911 796 3967 llomine
808 3928 901 3983 repens
918 3911 993 3967 solli-

164 4007 226 4064 citis
239 4005 308 4078 oipil
332 4012 425 4077 postor
447 4001 587 4060 excubiis:
601 4009 693 4057 tamen
708 4000 874 4057 abdicatione
887 4001 990 4067 saculi,

164 4102 189 4153 et
203 4096 311 4167 repulsa
325 4094 418 4149 carnis
434 4109 465 4148 ac
478 4092 630 4163 saupuinis,
646 4091 778 4146 desertum
794 4089 844 4145 tibi
869 4091 926 4162 ipse
951 4089 968 4161 s
981 4121 990 4132 ·

165 4185 237 4255 cisti,
253 4190 400 4239 secretusa
418 4181 522 4246 multis,
545 4186 651 4234 uocatus
671 4180 701 4233 in
715 4178 819 4251 paucis.

202 4277 231 4333 3.
246 4272 315 4327 Sane
329 4271 433 4326 oiecrio
448 4271 620 4341 aliquetenus
634 4284 754 4333 munere,
771 4268 831 4324 licet
840 4285 890 4339 per
901 4269 992 4324 omnia

166 4362 219 4419 tibi
225 4362 326 4433 impar,
334 4367 363 4417 ul
366 4363 498 4431 jusseras,
507 4358 621 4430 providi
628 4357 705 4412 illam
711 4356 824 4413 Eusebii
830 4358 992 4413 venerabilis

165 4452 281 4524 episcopi
288 4447 617 4520 Constantinopolitanae
627 4449 728 4502 crunctis
739 4447 901 4518 temporibus
911 4447 993 4503 bisto-

165 4541 251 4599 riam.
260 4541 310 4597 Sed
320 4539 464 4610 inbocsuit
474 4537 767 4609 obtemperandimora,
779 4537 991 4607 quodinstructu

166 4636 222 4696 luo,
237 4632 304 4702 quia
316 4629 370 4700 ipse
383 4644 436 4683 seon
450 4627 571 4683 baberem
582 4627 652 4681 leunc
663 4625 786 4689 codicem.
803 4626 891 4682 Roma
901 4627 994 4698 reperi

166 4720 239 4791 apud
252 4724 390 4790 parentem
399 4725 521 4773 nostrum
531 4716 798 4771 veresanctississssns
808 4715 991 4784 llomniouem,

168 4808 217 4881 qui
227 4807 324 4880 procul
336 4806 416 4862 dubio
427 4804 655 4878 promptiusnailti
660 4805 756 4877 paruit
765 4806 848 4860 inboc
858 4805 991 4876 beneficio,

168 4896 237 4971 qnod
250 4896 303 4953 tibi
317 4895 491 4968 &luendum
507 4895 629 4950 indicari
644 4895 664 4949 ¹.
684 4893 872 4951 Verumtamen
885 4895 950 4967 quia
967 4902 993 4950 et

168 4985 281 5044 locatum
294 4985 363 5042 mibi
380 4985 533 5057 sipnipcare
547 4984 675 5056 dipnatus
688 5000 723 5048 es,
738 4991 768 5040 ut
780 4985 836 5055 ipse
850 4986 991 5053 monuisti,

165 5077 200 5133 ad
211 5076 389 5134 uenerabilem
403 5076 681 5139 sociumcoroneetuae‚
692 5081 796 5145 patrem
803 5080 923 5130 nastrum
936 5078 993 5131 Au·

167 5167 266 5223 rebium
279 5166 320 5223 ita
329 5165 498 5235 scripsimus,
506 5172 535 5219 ut
545 5164 647 5218 sinunc
657 5163 866 5236 Hippone-repis
876 5163 991 5236 depereo,

166 5256 216 5312 illo
235 5254 285 5311 tibi
309 5255 416 5312 litteras
436 5262 552 5320 nostras,
567 5259 591 5308 et
608 5253 801 5324 transcriptam
825 5254 994 5325 Cartbaps'ne

169 5346 350 5402 membranam
365 5348 476 5401 mittere
484 5344 657 5416 dipnaretur.
672 5343 779 5409 Quodet
790 5350 895 5400 sanctos
909 5344 992 5410 uiros,

199 5552 208 5585 ¹
228 5550 309 5608 Eud,
328 5549 394 5613 quod
411 5549 459 5599 libi
470 5549 633 5612 deserendum
646 5547 783 5612 indicauit.
801 5547 862 5597 llas.
876 5547 930 5598 duo
957 5563 992 5607 ι..

83 5686 87 5691 -
164 5613 335 5680 iudicarint
350 5611 395 5663 alit
405 5611 459 5662 duo
470 5626 497 5666 r.
516 5625 578 5663 cum
588 5611 718 5663 tredacim
729 5610 856 5669 anostrie,
871 5610 993 5662 indieam'.

1042 442 1106 496 quos
1121 425 1223 481 indices
1241 424 1387 481 claritatis
1399 424 1529 495 ipsorum,
1552 430 1601 479 tuo
1614 441 1735 481 memons
1749 427 1872 497 mpnooi-

1042 530 1112 580 mus,
1133 516 1265 571 Comitem
1276 522 1300 570 et
1314 512 1446 569 brodium
1458 513 1620 585 reporimus,
1637 521 1666 570 ut
1682 513 1736 569 boc
1753 512 1872 571 scribere

1043 603 1099 675 ipsi
1114 613 1255 671 curarent,
1268 621 1302 661 ue
1323 603 1364 659 uel
1377 603 1490 675 parenti
1506 603 1652 658 Domnicui
1671 603 1778 660 diutius
1791 605 1873 660 sadec

1043 710 1108 750 suns
1118 694 1231 764 deforet,
1246 701 1271 750 et
1287 693 1339 748 tibi
1351 693 1526 749 transmissus
1545 693 1604 748 sine
1618 694 1772 749 necessitate
1781 694 1873 749 redbi·

1044 782 1122 839 bendi
1135 790 1264 839 maneret.

1078 875 1105 928 t.
1122 872 1285 945 specialiter
1303 880 1392 928 autem
1410 873 1485 928 lecca
1500 879 1607 944 tapeto,
1626 871 1752 944 quoniam
1766 889 1806 928 me
1821 872 1872 928 im·

1043 969 1218 1017 merentemet
1230 962 1418 1032 inopinantem
1430 963 1575 1033 mapuatui
1581 977 1671 1017 umore
1682 962 1829 1033 complesti,
1841 969 1872 1018 ut

1042 1066 1092 1123 pro
1107 1050 1157 1107 tas
1176 1050 1292 1107 lsietaria
1309 1059 1470 1123 temporum,
1495 1051 1599 1122 reseras
1612 1050 1681 1106 mibi
1704 1067 1806 1106 omnem
1819 1058 1872 1106 tua

1043 1139 1204 1196 Sanctitalis
1223 1141 1365 1197 bistoriam
1380 1148 1429 1197 :ut
1439 1140 1508 1212 quod
1520 1142 1528 1176 ¹
1542 1156 1636 1212 penus,
1651 1140 1769 1196 undosis
1782 1141 1871 1207 domo,

1043 1235 1121 1284 tanto
1136 1237 1271 1286 ooeatusa
1286 1230 1410 1295 Domino,
1427 1229 1520 1302 cuibsn
1532 1229 1655 1285 exordiis
1667 1238 1819 1302 seprepatus
1837 1229 1872 1285 ab

1043 1326 1121 1375 utero
1129 1320 1228 1374 matris
1242 1326 1305 1385 lure,
1316 1320 1351 1375 ad
1363 1326 1476 1375 matrem
1489 1319 1611 1390 filiarum
1623 1320 1675 1375 Dei
1686 1320 1764 1390 prole
1776 1321 1873 1376 lectan-

1044 1415 1104 1473 tem,
1113 1409 1243 1480 abjurata
1251 1409 1524 1480 carnisetsanpuinis
1538 1409 1635 1481 stirpe,
1645 1408 1801 1475 transieris,
1811 1409 1873 1465 etin

1043 1515 1125 1570 penus
1133 1499 1222 1568 repnte
1231 1498 1467 1554 etsaoerdolalesis
1476 1498 1636 1564 translatus,
1649 1498 1873 1565 edisseras.Quod

1044 1588 1115 1642 euim
1131 1587 1270 1651 indicasti,
1279 1588 1338 1658 jam
1349 1586 1380 1641 de
1392 1586 1557 1642 desmilitatis
1572 1594 1671 1642 nostres
1680 1587 1789 1642 nomine
1800 1587 1874 1659 apud

1043 1677 1226 1735 Mediolanum
1234 1683 1257 1731 te
1269 1677 1402 1741 didicisse,
1414 1677 1539 1732 cumillis
1549 1676 1717 1742 initiareris,
1724 1677 1813 1747 fatear
1823 1694 1871 1732 cu·

1044 1767 1145 1823 riosius
1157 1784 1197 1822 me
1208 1765 1273 1821 nelle
1293 1766 1452 1832 condiscere,
1480 1772 1510 1820 ut
1524 1767 1596 1820 omni
1608 1774 1687 1838 purte
1703 1773 1727 1822 te
1741 1767 1872 1833 noverim,

1043 1874 1095 1928 quo
1109 1859 1195 1929 mapis
1207 1857 1344 1928 protuler,
1358 1857 1383 1912 si
1398 1874 1415 1911 a
1429 1856 1598 1927 suscipiendo
1609 1856 1678 1911 milti
1688 1864 1768 1928 patre
1782 1863 1874 1912 nostro

1044 1946 1198 2011 Ambrosio,
1212 1948 1253 2000 oet
1263 1946 1298 2000 ad
1311 1945 1389 2016 fidem
1403 1946 1535 2001 invitatus
1549 1962 1585 2012 es,
1597 1947 1637 2001 sel
1647 1946 1681 2001 ad
1693 1946 1874 2002 sacerdotium

1043 2043 1220 2101 consecratus,
1237 2043 1267 2091 ut
1286 2035 1404 2090 eumdem
1422 2034 1497 2090 ambo
1511 2035 1653 2090 uideamur
1672 2034 1767 2090 bebere
1782 2041 1873 2091 aucto·

1043 2142 1111 2183 rem.
1127 2126 1197 2182 Nom
1207 2142 1252 2197 epo
1265 2126 1345 2180 etsia
1360 2124 1493 2196 Delpbino
1505 2125 1665 2196 Rurdepalae
1679 2124 1842 2196 baptizatus,
1857 2143 1874 2180 a

1044 2217 1157 2288 Lampia
1176 2216 1248 2288 apud
1264 2214 1433 2270 barcilonem
1446 2215 1476 2268 in
1490 2214 1688 2286 tttsparsiatper
1702 2216 1875 2286 vinsintlam·

1043 2313 1123 2362 males
1150 2304 1237 2361 subito
1260 2303 1353 2376 plebis,
1386 2311 1509 2359 sacratus
1531 2306 1606 2362 sim:
1627 2311 1714 2360 tamen
1732 2303 1875 2360 Ambrosii

1044 2409 1146 2465 semper
1159 2399 1186 2448 et
1198 2392 1342 2447 dilectione
1360 2391 1395 2446 ad
1414 2391 1491 2462 fidem
1506 2392 1662 2447 innutritus
1673 2409 1741 2453 sunt,
1762 2400 1786 2448 et
1802 2409 1875 2447 renna

1046 2482 1077 2539 in
1094 2482 1240 2538 sacerdotii
1254 2481 1350 2536 ordine
1364 2481 1518 2552 confoveor.
1542 2480 1661 2552 Denique
1672 2498 1720 2537 suo
1734 2499 1773 2537 me
1800 2483 1874 2537 clero

1046 2573 1183 2628 uindicare
1208 2572 1303 2637 uoluit,
1331 2578 1361 2626 ut
1376 2572 1428 2627 etsi
1445 2571 1558 2626 diuersis
1589 2571 1654 2626 locis
1667 2571 1770 2643 dapum,
1787 2572 1875 2643 ipsius

1045 2663 1183 2735 presbyter
1196 2678 1317 2719 censear.

1083 2757 1111 2809 5.
1134 2751 1184 2807 Sed
1197 2751 1229 2807 de
1247 2768 1286 2806 me
1299 2768 1330 2806 ne
1350 2750 1415 2822 quid
1431 2751 1548 2822 ipnores,
1563 2751 1633 2806 scias
1653 2752 1874 2824 antiquissimum

1043 2849 1217 2914 peccatorem,
1235 2858 1288 2896 non
1303 2841 1343 2903 ila
1357 2840 1422 2895 olim
1437 2839 1468 2894 de
1488 2840 1604 2895 tenebris
1615 2847 1640 2895 ιι
1659 2839 1755 2896 umbra
1779 2843 1876 2896 neartis

1046 2932 1180 2994 eductum,
1199 2931 1329 3002 spiritum
1346 2944 1424 2985 auru
1439 2929 1531 2985 uitalis
1544 2930 1674 2989 hausisse.
1689 2947 1733 2985 uec
1756 2932 1796 2985 ita
1810 2931 1875 2986 ols'rn

1045 3022 1165 3094 posuisse
1180 3022 1210 3075 in
1223 3027 1318 3076 oratro
1324 3026 1587 3087 manurmetcrucem
1594 3021 1710 3077 Domini
1715 3021 1854 3077 sustulisse
1865 3043 1877 3093 ,-

1045 3128 1125 3186 quom
1144 3117 1174 3166 ut
1186 3111 1216 3165 in
1229 3110 1309 3180 finem
1320 3111 1445 3181 perterre
1457 3109 1598 3176 valeamus,
1625 3110 1795 3167 orationibus
1821 3111 1876 3166 tuis

1045 3202 1220 3273 adiuvemur.
1237 3198 1463 3255 Accumulabitur
1477 3199 1530 3254 boc
1545 3200 1652 3255 meritis
1664 3202 1835 3267 tuismerces,
1851 3202 1877 3255 si

1046 3292 1253 3347 interuentutuo
1266 3295 1447 3345 oneranostra
1453 3289 1626 3346 relevaveris.
1638 3288 1826 3346 Sanctusenim
1834 3292 1876 3345 la·

1046 3377 1877 3452 borantemaelpuoanslquiairatremnonaudemesseticere)

1046 3468 1215 3526 eualtabitur
1228 3468 1298 3522 sicut
1317 3467 1415 3521 civitas
1438 3484 1546 3538 mapsa.
1565 3469 1604 3523 Et
1620 3474 1650 3523 tu
1668 3468 1777 3540 quidem
1793 3486 1877 3541 super

1045 3566 1159 3616 montem
1172 3559 1271 3613 ciuitas
1289 3556 1469 3627 (edificatam,
1488 3557 1527 3611 cel
1537 3574 1646 3613 aemma
1656 3574 1738 3629 super
1749 3559 1876 3614 candela·

1047 3649 1125 3704 brum
1140 3648 1250 3703 lucerna
1262 3647 1290 3701 in
1308 3647 1466 3718 septiformi
1479 3646 1610 3703 claritate
1624 3647 1735 3703 colluces
1748 3666 1757 3713 ,·
1772 3665 1819 3703 nas
1829 3649 1879 3704 sub

1046 3736 1134 3793 modio
1158 3742 1325 3809 peccatorum
1341 3735 1522 3791 delitescimus
1536 3757 1546 3789 .·
1558 3736 1642 3790 visita
1655 3736 1757 3792 litteris
1772 3738 1837 3804 tuis,
1853 3745 1878 3794 et

1046 3828 1137 3900 proles
1150 3828 1180 3882 in
1195 3827 1277 3882 lucem
1293 3826 1441 3897 iuquaipse
1451 3826 1579 3894 versaris,
1592 3843 1675 3898 super
1686 3844 1770 3883 aurea
1782 3829 1878 3884 mnda-

1047 3917 1123 3973 labra
1143 3915 1313 3986 conspicuus.
1329 3915 1451 3986 Eloquia
1470 3922 1518 3971 tuo
1535 3914 1623 3971 lumen
1647 3917 1749 3971 sensitis
1776 3919 1879 3974 nostris

1046 4013 1138 4072 erunt,
1155 4012 1179 4061 el
1194 4006 1250 4061 oleo
1267 4006 1383 4061 lucerne
1411 4010 1463 4059 tuce
1481 4005 1701 4076 impinpuabitur
1719 4013 1801 4077 caput
1819 4025 1878 4063 nos·

1046 4102 1131 4153 trum.
1153 4098 1184 4151 Et
1198 4095 1363 4151 accendetur
1380 4093 1455 4164 fides,
1471 4110 1533 4149 curn
1546 4095 1647 4165 spiritu
1660 4098 1717 4151 oris
1733 4097 1775 4153 tui
1788 4097 1876 4153 cibum

1045 4185 1144 4242 mentis
1158 4191 1182 4239 et
1196 4185 1284 4239 lumen
1304 4183 1403 4238 amintes
1416 4187 1618 4255 sumpserimus.

1081 4274 1111 4331 6.
1135 4274 1195 4329 Por
1206 4280 1231 4328 et
1247 4274 1340 4345 pratia
1358 4272 1410 4328 Dei
1432 4280 1528 4342 tecuue,
1544 4280 1568 4328 et
1583 4276 1810 4346 coronamenta
1824 4277 1876 4332 tibi

1046 4367 1152 4420 maneat
1168 4362 1250 4417 indie
1265 4362 1323 4425 nto,
1336 4362 1441 4418 domim
1455 4371 1544 4435 pater,
1559 4365 1654 4419 merito
1663 4363 1835 4421 dilectissime
1851 4374 1875 4423 et

1046 4451 1207 4508 uenerabilis
1220 4458 1244 4508 el
1257 4452 1468 4523 exoptatissime.
1484 4453 1642 4509 Berseelictos
1654 4454 1814 4511 Sanctitatis
1823 4464 1876 4512 tua

1045 4542 1154 4599 comites
1166 4550 1190 4597 ιι
1200 4541 1379 4607 emulatores,
1390 4542 1419 4597 in
1430 4526 1666 4613 Dosnino‘lratres,
1678 4544 1703 4599 si
1712 4544 1873 4616 dipnantur,

1046 4638 1161 4699 nastros,
1176 4637 1231 4686 tam
1246 4631 1480 4704 iuecclesiisquam
1496 4635 1525 4688 in
1533 4635 1716 4699 monasteriis,
1729 4634 1877 4706 Cartbapi·

1046 4722 1085 4788 ni,
1105 4721 1253 4793 Tbapastoe,
1270 4720 1494 4793 Hippone-repis,
1510 4730 1534 4777 et
1547 4723 1610 4779 totis
1621 4724 1760 4794 parochiis
1771 4727 1876 4780 tssisat-

1045 4827 1095 4883 que
1109 4809 1233 4865 onsrsibus
1243 4811 1357 4881 capnitis
1366 4811 1500 4883 tibiperd
1506 4813 1607 4884 [ricem
1615 4813 1686 4878 locis,
1703 4814 1818 4869 Domino
1833 4830 1877 4869 ca·

1046 4900 1142 4956 tbolice
1160 4900 1317 4967 servientes,
1351 4900 1435 4957 multo
1467 4901 1564 4971 affectu
1578 4909 1602 4957 et
1621 4902 1742 4973 obsequio
1756 4902 1877 4958 salutari

1046 5006 1180 5061 ropertus.
1201 4989 1235 5045 Si
1248 4992 1336 5060 ipsam
1348 4990 1623 5047 membranamsancti
1639 4992 1876 5049 Doeunionisacce·

1044 5079 1131 5151 peris,
1149 5079 1341 5151 transcriptum
1358 5080 1432 5135 nobis
1448 5081 1586 5137 remittere
1600 5081 1762 5153 dipnaberis.
1778 5084 1814 5138 Et
1831 5082 1878 5138 lsoc

1046 5184 1111 5240 rapo
1128 5168 1233 5223 scribas
1253 5167 1417 5240 mihiquem
1441 5169 1568 5241 bpmnum
1599 5187 1685 5227 meum
1712 5173 1875 5244 copnooeris.

1045 5259 1148 5313 Panem
1163 5274 1247 5313 unum
1262 5256 1413 5314 Sanctitati
1427 5265 1481 5314 tua
1499 5260 1615 5316 unitatis
1628 5264 1721 5332 pratis
1741 5261 1875 5325 misimus.

1046 5345 1078 5401 iu
1106 5363 1157 5419 quo
1177 5347 1259 5401 etiam
1282 5347 1431 5402 Trinitatis
1456 5348 1581 5404 soliditas
1611 5351 1777 5406 continetur.
1798 5351 1878 5406 Hunc

1043 5451 1141 5508 panem
1153 5435 1286 5507 culapiam
1296 5452 1349 5492 esse
1364 5442 1394 5491 tu
1407 5437 1489 5508 [acies
1499 5438 1659 5510 dipnatione
1672 5439 1803 5496 sumendi.

1080 5616 1086 5643 ¹
1106 5613 1148 5666 Sic
1158 5627 1253 5665 amnes
1266 5614 1333 5665 Edd.
1349 5615 1378 5666 ln
1389 5616 1432 5675 Β..
1448 5618 1501 5682 qui.
1519 5618 1554 5669 bl.
