3952 6128
49 310 170 369 minum
195 309 219 383 (Ι
242 308 315 367 rim.
341 324 371 375 ιι.
395 308 434 378 5),
450 309 598 382 aequalem
623 310 697 368 Patri
718 311 884 368 secundum

50 399 252 464 divinitatem,
266 397 413 455 minorem
427 404 526 455 autem
541 402 623 456 Patre
639 401 806 457 secundum
822 416 886 457 car·

51 504 134 553 nem,
147 487 208 545 boc
221 492 266 543 est
280 486 446 544 meandum
463 486 616 545 bominem
628 507 637 562 ;
656 489 886 547 incommutabi-

52 579 117 637 liter
133 576 337 635 immortalem
353 578 521 633 secundum
535 579 681 651 aequalem
693 581 769 636 Patri
779 579 886 635 divini·

52 671 158 735 tatem,
181 667 384 740 eumdemque
412 667 586 725 mutabilem
614 674 705 741 atque
728 668 885 726 mortalem

51 756 223 815 meandum
238 761 401 828 cognatam
417 757 425 792 ¹
443 756 530 812 nobis
545 756 761 814 infirmitatem.
779 761 808 813 ln
824 773 886 830 quo

52 846 183 912 Christo,
197 859 236 921 eo
252 848 387 916 tempore
409 844 493 917 quod
512 846 801 918 opportunissimum
821 847 886 919 ipse

51 939 193 996 noverat,
205 936 235 990 et
248 937 317 990 ante
331 932 441 990 secula
453 933 651 1006 disposuerat,
665 935 746 992 venit
760 934 888 992 bomini·

52 1023 111 1081 bus
128 1022 334 1095 magisterium
352 1026 382 1078 et
401 1020 595 1092 adiutorium,
611 1023 650 1080 ad
666 1025 886 1096 capessendam

53 1110 275 1185 sempiternam
289 1108 426 1167 salutem.
442 1110 645 1184 blagistsrium
662 1113 786 1186 quidem
806 1117 838 1169 ut
851 1127 883 1170 ee

54 1215 124 1277 quas
138 1199 189 1257 bio
199 1204 268 1256 ante
283 1199 363 1256 dicta
375 1203 446 1256 sunt
458 1200 567 1257 utiliter
582 1216 663 1268 vera,
677 1217 737 1258 non
759 1201 888 1259 sotuma

10 1310 12 1325 ι
54 1288 212 1362 Prophetis
222 1288 344 1356 sanctis,
358 1289 409 1361 qui
423 1288 527 1346 omnia
541 1304 612 1346 vera
626 1289 774 1359 dixerunt,
783 1306 887 1347 verum

54 1380 148 1436 etiam
161 1394 181 1434 a
196 1376 380 1450 pbilosophis
397 1383 487 1451 atquc
503 1378 576 1451 ipsis
589 1379 694 1451 poetis,
710 1385 740 1436 et
752 1379 888 1450 cujusce·

55 1467 141 1525 modi
154 1465 329 1524 auctoribus
339 1465 506 1524 litterarum
521 1466 607 1540 (quos
621 1468 714 1525 murita
724 1485 794 1526 vera
806 1467 888 1527 ialsis

10 1598 13 1619 .
54 1555 213 1613 miscuisse
220 1555 289 1630 quis
299 1555 560 1629 ambigat‘t),itlius
571 1558 659 1613 etiarn
672 1557 701 1614 in
715 1574 803 1614 earne
815 1574 889 1631 prae·

56 1650 177 1704 sauma
189 1644 382 1703 confirmaret
392 1645 565 1711 auctoritas,
577 1652 699 1720 propter
710 1663 761 1705 eos
775 1649 827 1721 qui
840 1647 890 1705 illa

55 1750 119 1793 non
133 1739 260 1809 possent
276 1734 307 1790 in
323 1733 390 1807 ipsa
404 1734 513 1793 intima
528 1735 650 1793 veritate
665 1751 784 1792 cernere
800 1742 890 1809 etque

54 1824 228 1881 discernere
251 1838 343 1897 :quse
361 1822 474 1880 Veritas
499 1827 527 1881 et
548 1829 711 1897 antequam
736 1825 889 1882 bominem

55 1917 241 1983 assumeret,
258 1911 325 1984 ipae
340 1913 351 1948 ¹
365 1911 470 1969 aderat
484 1912 639 1981 omnibns,
655 1914 707 1986 qui
721 1914 787 1986 ejus
801 1915 892 1986 parti·

55 2002 142 2077 cipes
152 2017 219 2059 esse
235 2003 539 2074 potueruntltaxime
554 2017 625 2059 vero
641 2018 703 2059 sure
714 2002 892 2060 incarnatio-

56 2091 106 2149 nis
127 2090 269 2164 excmplo
287 2090 318 2147 id
337 2089 495 2146 sulubriter
511 2092 670 2164 persuasit,
694 2096 726 2149 ut
746 2091 891 2164 quoniam

56 2179 201 2237 homines
218 2178 353 2252 plerique
370 2178 531 2235 divinitatis
552 2179 642 2251 avidi,
659 2195 713 2253 per
731 2185 892 2252 potestates

57 2268 199 2326 eoetestes
212 2282 291 2342 quas
304 2267 377 2324 deos
391 2273 540 2339 putarent,
553 2269 686 2340 ritusque
701 2270 797 2325 varios
810 2267 893 2325 illici·

58 2362 174 2428 torum,
188 2372 251 2414 non
264 2371 429 2422 sacrorum,
441 2357 492 2413 sed
508 2357 744 2429 sacrilegiorum,
757 2357 892 2415 ambien-

58 2445 136 2505 dnm
153 2445 212 2504 sibi
230 2445 447 2502 arbitrarentur
465 2446 504 2502 ad
525 2449 628 2513 heum,
647 2447 744 2519 magis
764 2448 893 2520 superbe

57 2551 157 2610 quam
177 2533 238 2607 pie,
258 2549 320 2608 qua
340 2534 370 2590 in
389 2549 420 2590 re
443 2550 499 2607 pro
523 2535 641 2607 Angelis
662 2537 773 2593 sanctis
795 2537 837 2592 eis
861 2552 892 2594 se

59 2624 220 2683 daemones
238 2622 388 2696 superbiae
408 2623 588 2693 cognatione
605 2625 617 2660 ⁸
633 2631 819 2698 supponunt,
838 2624 893 2682 soi-

57 2718 128 2771 rent
143 2711 283 2770 homines
306 2717 369 2769 tam
393 2713 565 2785 proximum
588 2728 654 2770 esse
680 2717 771 2770 [teum
792 2715 893 2788 pietati

58 2800 236 2871 bominum,
247 2799 287 2858 ad
299 2815 389 2873 quem
404 2801 482 2858 relat
495 2800 583 2872 longe
595 2803 727 2876 positum
744 2819 796 2877 per
807 2804 894 2861 inter-

57 2890 178 2965 positas
193 2893 354 2964 potestates
374 2889 559 2957 ambiebant,
573 2896 606 2947 ut
624 2891 777 2949 bominem
801 2895 894 2950 susci-

10 3012 12 3021 ι
57 2994 134 3055 pere
148 2978 333 3051 dignaretur,
344 2982 373 3034 et
386 2995 455 3035 eum
468 2978 519 3036 illo
530 2980 606 3036 uniri
616 2981 752 3055 quodam
760 2982 852 3039 modo
863 2987 895 3038 ut

10 3080 13 3097 ¹
59 3069 88 3126 ei
102 3069 148 3125 sic
156 3070 349 3141 coaptaretur
360 3067 454 3125 bomo
465 3072 552 3136 totns,
560 3070 820 3142 quemadmodum
832 3071 895 3128 ani-

58 3173 120 3215 mas
133 3171 259 3229 corpus;
269 3161 394 3228 excepta
404 3157 593 3214 concretione
605 3158 751 3225 mutabili,
761 3161 790 3216 in
801 3176 894 3233 quam

10 3278 12 3327 j
59 3261 124 3305 non
140 3245 321 3304 convertitur
336 3245 425 3312 Deus,
441 3249 470 3301 et
484 3261 574 3319 quam
590 3247 727 3304 videmus
744 3249 825 3322 quod
843 3248 896 3307 ba·

58 3334 171 3393 haaiet
181 3348 293 3407 corpus
303 3339 331 3390 et
345 3333 476 3391 animus.
492 3334 680 3406 adjutorium
694 3336 895 3410 autem,quod

61 3425 128 3483 sina
142 3423 241 3496 gratia
253 3421 324 3479 fidei
339 3438 408 3496 qua
423 3422 462 3480 ab
479 3423 528 3479 illc
544 3434 598 3493 est,
613 3440 703 3481 nemo
717 3432 814 3499 potest
832 3427 896 3483 vin-

61 3528 128 3571 care
142 3510 402 3584 concupiscentias
412 3511 588 3577 vitiosas3et
597 3513 622 3569 si
635 3530 696 3587 qua
708 3530 811 3573 earum
824 3516 896 3573 resi-

61 3602 125 3659 dua
141 3600 333 3668 convicerit,
349 3599 455 3657 veniali
470 3600 647 3659 remissione
664 3605 795 3676 purgari.
809 3606 894 3671 Quod

62 3706 136 3761 ergo
150 3689 192 3748 ad
206 3688 412 3758 magisterium
426 3689 491 3761 ejus
504 3691 616 3758 attinet,
633 3694 701 3764 quis
714 3709 793 3752 nunc
803 3700 896 3752 extre·

60 3796 133 3838 mus
143 3778 248 3845 idiota,
264 3777 308 3834 uel
324 3793 392 3851 quae
408 3777 525 3850 abjecta
540 3780 713 3839 muliercula
728 3798 789 3839 non
805 3784 896 3841 credit

61 3867 438 3928 animcimmortalitatem
449 3868 672 3944 uitamquepost
682 3878 809 3929 mertem
820 3874 896 3930 tutu·

60 3958 152 4017 rami
162 3957 248 4026 onod
262 3956 345 4030 apud
360 3957 476 4014 Graecos
491 3958 562 4015 otim
577 3961 693 4032 primus
712 3962 896 4036 Pherecydes

60 4046 206 4121 Assyrius
228 4062 297 4104 cum
319 4045 515 4119 disputasset,
537 4049 737 4121 Pythagoram
760 4051 896 4109 Samium

59 4138 145 4195 itlius
160 4136 374 4210 disputationis
397 4136 529 4194 novitate
547 4144 716 4211 permotum
735 4157 771 4198 ex
786 4144 896 4200 athleta

60 4228 94 4284 in
113 4223 332 4301 philosophum
353 4226 449 4283 vertit.
469 4230 551 4283 Nune
567 4244 637 4299 ergo
653 4230 736 4302 quod
750 4233 830 4288 tlaro
845 4233 895 4299 ait,

10 4342 12 4353 ·
59 4321 90 4374 et
101 4313 547 4381 omuesvidemus;Amomnm
558 4318 714 4390 Assyrium
728 4319 818 4390 vulgo
829 4337 897 4377 nas·

60 4405 158 4463 citur:
172 4402 257 4477 qnod
272 4409 373 4460 autem
387 4404 426 4460 ad
441 4403 626 4475 adjutorium
642 4408 744 4476 gratiae
760 4410 895 4482 pertinet,

59 4509 132 4568 quea
146 4495 178 4549 ln
193 4491 309 4548 Christo
325 4496 378 4558 est,
394 4492 458 4563 ipse
475 4498 519 4549 est
534 4495 668 4558 omuino,

109 4590 171 4651 Quo
184 4588 256 4641 duca
272 4588 294 4639 si
309 4602 364 4654 qua
380 4594 492 4640 manent
507 4591 613 4642 sceleris
631 4594 744 4658 vestigia
756 4597 851 4655 nostri,

10 4704 14 4721 ‚
110 4653 190 4704 lrrita
202 4655 336 4719 perpetua
352 4652 457 4704 solvent
472 4651 614 4705 tormidine
627 4659 723 4713 terras.

607 4733 692 4801 (Virq.
710 4737 766 4788 Eri.
784 4740 820 4803 A.)

98 4830 266 4890 cAettrtv.
281 4831 365 4888 -l³.
377 4830 538 4899 Sednaltn,
551 4832 899 4907 inquinaucompetenst·

64 4921 118 4980 ius
139 4921 234 4994 dach
260 4920 440 4979 claruerunt
465 4927 557 4979 tante
571 4925 737 4994 majestatis
760 4927 899 4987 indicia:

10 5000 15 5059 l
65 5010 137 5084 quia
147 5008 276 5069 larvulis
290 5009 345 5067 illu
355 5011 508 5081 purgatio,
524 5011 665 5070 debilium
676 5030 765 5084 curse,
780 5017 899 5077 reddita

10 5070 14 5169 l
68 5101 129 5158 citu
140 5099 303 5172 defunctis,
316 5100 343 5156 si
362 5104 390 5156 et
407 5099 460 5157 atii
478 5102 712 5172 considerentur,
728 5106 788 5163 Deo
801 5123 899 5178 parva

10 5194 13 5263 ξ
65 5194 145 5246 suut.
162 5190 301 5245 latemur
314 5187 439 5261 quidem
450 5193 479 5244 et
490 5204 546 5246 nos
561 5191 779 5265 taliaquaedam
796 5195 899 5254 iecisse

67 5278 241 5353 Prophetas.
266 5278 343 5335 Nam
367 5278 398 5336 in
422 5278 469 5336 bis
494 5279 587 5351 signia
611 5283 684 5354 quid
708 5286 899 5344 excellentius

97 5392 106 5424 ¹
121 5386 202 5445 aad„
217 5386 355 5452 capritana.
368 5385 419 5436 Sed
435 5387 531 5438 melius
548 5388 610 5438 htss.
628 5394 698 5449 octo,
713 5399 856 5456 cognotam.

98 5453 109 5486 ¹
126 5450 157 5499 ln
167 5449 233 5501 lldd.
257 5449 268 5498 i
286 5462 323 5499 sc.
340 5448 518 5511 lleposuimus
533 5465 564 5500 ea
579 5453 673 5516 viginti
689 5455 761 5511 Mes,
775 5457 837 5519 ipse.

97 5511 191 5562 ¹acd.
214 5463 285 5585 hadr
307 5511 349 5584 Er:
368 5513 447 5583 hav„
474 5514 590 5586 superba
603 5519 775 5578 cogitationis.
794 5520 902 5585 Aliquot

68 5574 281 5638 Mamercum
292 5578 454 5637 reputatione.
470 5575 519 5625 Ata
533 5581 658 5640 quatuor,
669 5585 839 5642 cognationes.
850 5581 901 5634 Sed

68 5638 167 5689 melior
181 5637 241 5688 visa
261 5639 302 5688 est
318 5637 433 5687 aliorum
449 5640 570 5703 quinque
585 5639 673 5701 lectio,
689 5656 771 5707 quam
790 5644 903 5696 bicred·

39 5738 44 5745 -
68 5701 171 5754 dimus.

176 5798 300 5860 Psaros.
316 5797 444 5860 xxxut.

683 176 937 245 epistolatum
947 178 1094 244 clAsffls
1107 176 1154 240 ΙΙΙ.

1708 174 1762 243 tar

941 325 1036 384 quam
1056 313 1192 367 mortuos
1207 309 1404 367 resurrexisse
1418 308 1434 365 t
1448 310 1525 367 Fecit
1547 310 1604 367 boc
1629 308 1705 367 Elias
1720 310 1769 383 (111

940 399 1011 470 fleg.
1028 415 1100 466 χιιι,
1122 400 1178 470 22),
1200 398 1268 455 tecit
1290 400 1346 456 hoc
1362 401 1482 457 litisaeus
1508 400 1553 468 (lv
1566 401 1637 471 fleg.
1653 415 1694 471 ιιι,
1710 400 1768 473 35).

941 489 1014 543 llam
1030 486 1067 543 de
1080 502 1237 558 magorum
1249 488 1412 555 miraculis,
1422 495 1523 545 utrum
1534 487 1624 546 etiam
1636 494 1769 546 mortuos

941 574 1160 641 suscitaverint,
1174 576 1215 631 itti
1230 576 1357 633 viderint
1370 577 1422 650 qui
1436 581 1465 635 et
1479 577 1636 649 Apuleium
1656 592 1686 633 sa
1701 592 1770 633 con·

942 668 986 721 tra
994 663 1179 734 magicarum
1193 665 1302 721 artium
1316 666 1655 737 criminacopiossisime
1670 665 1770 722 deten-

941 754 1072 822 dentem,
1093 760 1240 813 conantur
1259 771 1320 812 non
1343 754 1526 820 accusando,
1543 755 1597 811 sed
1618 754 1771 812 laudando

941 845 1127 900 convincere.
1143 847 1202 902 Nos
1215 844 1355 919 legimus,
1373 860 1479 917 magos
1495 844 1712 917 AEgypticrum,
1725 859 1770 901 ar·

943 931 1016 988 tium
1044 933 1168 991 istarum
1195 934 1401 1006 peritissimos,
1424 951 1442 991 a
1463 936 1561 1007 ltoyse
1586 932 1699 990 lamuio
1722 930 1771 990 ltei

942 1019 1034 1077 tuisse
1054 1026 1220 1095 superatos,
1235 1038 1304 1080 cum
1325 1022 1365 1079 illi
1383 1022 1525 1097 quaedam
1546 1022 1621 1078 mira
1635 1019 1772 1078 nefandis

942 1110 1055 1168 artibus
1069 1116 1202 1182 agerent,
1213 1112 1261 1169 ille
1272 1113 1332 1169 lieo
1343 1111 1514 1185 simpliciter
1528 1111 1697 1177 ¹invocato,
1710 1125 1773 1168 ma·

942 1200 1134 1257 obinamenta
1155 1216 1259 1257 eorum
1273 1206 1381 1258 cuncta
1394 1200 1579 1258 subverteret
1594 1200 1704 1272 (and.
1720 1215 1770 1264 rur,

942 1291 1016 1360 vrrs).
1032 1289 1091 1346 Sed
1106 1290 1211 1362 etipse
1226 1293 1353 1363 Moyses,
1367 1292 1501 1347 etcaeteri
1520 1291 1672 1363 Prophetae
1688 1304 1774 1346 vera·

943 1378 1052 1436 cissimi
1064 1381 1222 1436 hominum
1234 1378 1382 1438 Christum
1394 1380 1658 1453 prophetaverunt,
1672 1384 1700 1435 et
1712 1377 1773 1451 glo·

943 1467 1020 1525 riam
1040 1483 1184 1541 magnam
1206 1469 1232 1525 ei
1254 1468 1403 1525 dederunt
1423 1470 1526 1535 ;bnnc
1543 1483 1604 1526 non
1626 1471 1771 1540 tanquam

943 1571 1047 1630 parem
1067 1556 1134 1623 sibi,
1151 1573 1205 1613 nec
1227 1558 1257 1614 in
1278 1556 1386 1614 eadem
1410 1557 1625 1613 miraculorum
1641 1555 1774 1629 potentia

945 1647 1141 1718 superiorem,
1155 1646 1207 1702 sed
1220 1647 1310 1721 plane
1331 1647 1490 1703 [lominum
1513 1649 1606 1703 ileum
1623 1645 1772 1711 omnium,

944 1739 973 1792 et
992 1736 1146 1792 bominem
1168 1741 1290 1808 propter
1311 1736 1449 1792 hemines
1468 1734 1593 1802 tactum,
1616 1739 1774 1792 venturum

944 1825 1231 1896 praenuntiaverunt.
1249 1825 1303 1891 Qui
1315 1832 1474 1898 propterea
1484 1830 1511 1881 et
1523 1824 1588 1895 ipse
1600 1823 1669 1881 talia
1679 1823 1775 1880 lacere

944 1912 1047 1983 votuit,
1065 1929 1101 1970 ne
1114 1919 1192 1970 esset
1205 1913 1384 1981 absurdum,
1398 1929 1468 1987 quse
1484 1928 1534 1985 per
1549 1912 1615 1971 illos
1628 1912 1739 1969 lecerat
1750 1911 1775 1967 si

944 1999 1008 2072 ipse
1023 2015 1083 2058 non
1103 2000 1221 2059 laceret.
1240 2001 1296 2059 Sed
1316 2006 1417 2058 tamen
1437 2006 1466 2057 et
1480 1999 1593 2074 aliquid
1619 2001 1775 2074 proprium

945 2088 1042 2146 tacere
1056 2089 1159 2146 debuit
1173 2107 1180 2146 :
1196 2091 1279 2147 nasci
1294 2092 1332 2147 de
1346 2091 1469 2160 virgine,
1490 2106 1508 2147 a
1529 2091 1655 2147 mortuis
1675 2104 1776 2146 resur·

945 2193 1024 2250 gere,
1039 2182 1068 2235 in
1084 2179 1193 2236 ooelum
1209 2179 1378 2237 ascendere.
1392 2182 1451 2237 lloc
1463 2182 1521 2237 ileo
1531 2180 1584 2252 qui
1600 2194 1708 2251 purum
1719 2194 1776 2252 pn·

947 2272 998 2333 tat,
1013 2268 1088 2340 qnid
1107 2269 1174 2341 plus
1188 2273 1341 2340 exspectet
1355 2269 1470 2340 ignoro.

984 2360 1025 2413 ΙΙ.
1045 2355 1178 2415 Arbitror
1192 2357 1273 2414 enirn
1293 2357 1364 2415 talia
1386 2357 1525 2432 flagitari,
1548 2356 1651 2431 qualia
1669 2371 1776 2431 gerens

945 2445 1112 2515 homiuem,
1129 2446 1225 2503 tacere
1242 2462 1303 2504 non
1320 2451 1330 2484 ¹
1352 2447 1464 2505 debuit.
1479 2450 1553 2505 Nam
1577 2446 1605 2503 in
1632 2446 1776 2519 principio

947 2540 1011 2591 crat
1025 2536 1164 2601 Verbum,
1181 2540 1209 2592 et
1222 2535 1350 2593 Verbum
1363 2541 1427 2593 erat
1441 2536 1524 2608 apud
1537 2537 1643 2603 usum,
1655 2540 1683 2592 et
1698 2538 1775 2592 Deus

947 2630 1010 2681 erat
1021 2624 1161 2689 Verbum,
1174 2630 1202 2683 et
1216 2625 1318 2682 omnia
1329 2640 1383 2698 per
1394 2626 1493 2699 ipsum
1507 2624 1663 2683 factasunt
1677 2624 1776 2697 (loco.

947 2732 965 2785 1,
991 2714 1025 2787 t).
1041 2717 1117 2771 Nrtm
1133 2715 1254 2771 bomine
1270 2720 1437 2787 assumpto,
1452 2713 1545 2772 alium
1569 2714 1718 2770 mundum
1734 2711 1778 2770 ia·

947 2818 1013 2861 cere
1026 2801 1138 2871 debuit,
1147 2808 1179 2860 ut
1189 2819 1257 2860 enm
1270 2819 1334 2860 esse
1343 2803 1544 2869 crederemus,
1552 2819 1706 2877 perquem
1718 2801 1778 2859 tac·

947 2895 996 2947 tus
1015 2896 1057 2947 est
1072 2891 1232 2950 mundns?
1248 2893 1305 2950 Sed
1321 2907 1375 2948 nee
1394 2891 1489 2965 major
1503 2893 1645 2956 mundus,
1661 2907 1716 2947 nec
1731 2890 1777 2947 isti

948 2980 1070 3054 aqualis
1084 2981 1113 3036 in
1129 2981 1187 3037 bcc
1201 2981 1315 3038 mundo
1330 2980 1393 3037 fleri
1406 2985 1514 3053 posset.
1530 2982 1558 3038 Si
1572 2986 1672 3036 autem
1684 2979 1779 3036 mino·

949 3086 1011 3128 rem
1029 3070 1136 3127 taceret
1153 3071 1231 3127 intra
1250 3070 1352 3137 istum,
1367 3069 1503 3127 similiter
1515 3068 1574 3126 boc
1588 3085 1708 3145 quoque
1724 3084 1779 3141 pa-

948 3176 1015 3217 rum
1028 3162 1192 3233 putaretur.
1208 3159 1362 3230 Quiaergo
1377 3175 1438 3216 non
1449 3158 1606 3231 oportebat
1620 3163 1653 3214 ut
1664 3173 1778 3214 novum

948 3249 1058 3306 taceret
1068 3249 1227 3321 muudum,
1242 3248 1435 3306 novaieoitin
1449 3247 1575 3306 mundo.
1586 3245 1779 3306 Homoeuim

948 3341 986 3397 de
998 3337 1113 3410 virgine
1124 3343 1308 3411 procreatus,
1322 3342 1350 3395 et
1364 3355 1383 3396 a
1398 3337 1523 3395 mortuis
1536 3337 1567 3393 in
1582 3341 1726 3394 aeternam
1738 3333 1780 3391 vi·

949 3431 1011 3484 tam
1025 3427 1229 3495 resuscitatus,
1245 3433 1273 3484 et
1286 3443 1376 3500 super
1395 3427 1487 3485 coetoa
1504 3426 1660 3494 exaltatus,
1674 3430 1782 3499 peten-

949 3517 1007 3574 tius
1022 3517 1146 3574 tortasse
1159 3533 1236 3591 opus
1250 3520 1296 3573 est
1311 3532 1405 3590 quam
1415 3516 1556 3573 mundus.
1571 3516 1622 3571 llic
1636 3515 1711 3572 lorte
1721 3529 1781 3571 res·

949 3605 1094 3679 pendent,
1113 3621 1145 3661 se
1165 3604 1276 3662 taetrum
1296 3605 1353 3661 hoc
1375 3621 1438 3661 esse
1461 3619 1522 3661 non
1548 3605 1679 3661 eredere.
1702 3602 1781 3671 Quid

949 3710 1021 3768 ergo
1049 3695 1101 3751 tiat
1123 3694 1309 3764 bominibus,
1338 3695 1390 3768 qui
1417 3693 1545 3750 minima
1572 3695 1780 3757 contemnunt,

950 3783 1065 3855 maiora
1081 3799 1140 3839 non
1156 3781 1307 3840 credunt?
1322 3782 1446 3839 Reddita
1465 3782 1525 3839 vita
1539 3781 1696 3853 detunetts,
1711 3780 1780 3838 iden

950 3873 1085 3941 creditur,
1096 3874 1167 3945 quia
1179 3871 1312 3928 iecerunt
1323 3871 1382 3941 alii,
1395 3876 1421 3927 et
1434 3886 1542 3944 parum
1555 3876 1601 3927 est
1615 3872 1674 3927 lieo
1690 3884 1780 3926 :caro

951 3962 1069 4034 propria
1088 3961 1125 4017 de
1139 3961 1253 4031 virgine
1269 3965 1377 4025 creata,
1394 3967 1422 4016 et
1441 3975 1459 4016 a
1479 3965 1574 4017 morte
1594 3961 1623 4016 in
1640 3964 1780 4016 aeternam

950 4051 1041 4107 vitam
1056 4066 1146 4123 super
1160 4049 1253 4107 coeios
1264 4050 1372 4117 levata,
1393 4049 1461 4106 ideo
1477 4048 1692 4114 concreditur,
1708 4047 1781 4121 quia

949 4154 1040 4196 nemo
1060 4138 1136 4205 lecit,
1154 4144 1180 4195 et
1200 4139 1341 4212 competit
1355 4138 1425 4195 Deo.
1445 4141 1486 4194 Ac
1501 4153 1554 4211 per
1569 4136 1627 4194 boc
1639 4152 1708 4210 quse
1723 4135 1781 4192 sibi

950 4228 1079 4301 quisque
1092 4226 1200 4294 lucilia,
1215 4243 1276 4283 non
1292 4226 1382 4294 tactu,
1399 4225 1453 4282 sed
1464 4230 1564 4298 captu,
1581 4230 1675 4300 putat,
1692 4240 1781 4298 aequo

950 4317 1052 4373 animo
1068 4316 1175 4388 accipit
1189 4332 1196 4384 ;
1213 4332 1305 4388 supra
1320 4331 1355 4372 ea
1370 4315 1458 4373 veluti
1475 4315 1543 4371 licta
1559 4330 1614 4388 pro
1630 4314 1712 4370 latsis
1727 4313 1781 4368 du·

951 4406 989 4463 cit
1005 4423 1011 4462 :
1029 4405 1089 4461 noli
1105 4406 1147 4461 eis
1160 4421 1225 4461 esse
1239 4403 1354 4469 similis,
1372 4403 1499 4461 obsecro
1517 4407 1553 4458 te.

985 4498 1030 4553 te.
1055 4494 1250 4566 Disputantur
1262 4492 1327 4549 baec
1346 4493 1445 4559 latius,
1468 4495 1497 4547 et
1518 4506 1624 4548 omues
1639 4488 1781 4563 quaestic·

949 4600 1024 4642 num
1044 4583 1283 4639 necessariarum
1299 4582 1383 4637 sinus
1398 4580 1573 4654 perscrutati
1593 4578 1781 4651 discussique

950 4673 1142 4746 panduntur:
1157 4671 1208 4726 sed
1223 4669 1383 4726 intellectui
1396 4669 1472 4726 fides
1486 4668 1601 4725 aditum
1617 4666 1724 4740 aperit,
1738 4667 1781 4722 in-

951 4759 1076 4817 fidelitas
1089 4760 1209 4817 claudit.
1224 4761 1318 4825 Quem
1332 4774 1393 4815 non
1406 4763 1527 4815 movent
1541 4757 1580 4814 ad
1596 4756 1781 4813 credendum

952 4854 1050 4907 tantus
1062 4849 1100 4906 ab
1114 4849 1197 4906 initio
1210 4848 1273 4922 ipse
1288 4864 1385 4904 rerum
1401 4853 1556 4918 gestarum
1571 4846 1657 4912 ordo,
1674 4850 1702 4902 et
1716 4846 1782 4917 ipsa

952 4940 1099 4997 connexio
1111 4944 1290 5011 temporum,
1305 4937 1462 5011 praeteritis
1474 4936 1563 4993 tidem
1580 4936 1617 4992 de
1632 4931 1782 5008 praesenti·

953 5024 1784 5101 busiaciens,pricraposterioribusetrecenticribnsan-

954 5118 1036 5193 tiqua
1052 5117 1238 5175 confirmans
1256 5118 1271 5174 t
1286 5116 1409 5187 Eligitur
1431 5131 1509 5170 nnus
1533 5130 1568 5170 es
1588 5116 1674 5183 gente
1698 5108 1783 5167 Chal·

953 5210 1099 5275 deorum,
1109 5206 1216 5279 pietate
1227 5203 1561 5276 fidelissimapreeditue,
1573 5200 1620 5256 cui
1632 5198 1783 5272 promissa

954 5297 1057 5353 divina
1072 5300 1139 5369 post
1153 5299 1266 5351 tantam
1289 5293 1469 5350 soeculorum
1485 5291 1591 5346 seriem
1615 5286 1783 5344 novissimis

954 5385 1135 5458 temporibus
1152 5383 1333 5456 complenda
1349 5379 1524 5454 prodantur,
1548 5383 1637 5450 atque
1659 5377 1690 5433 in
1718 5376 1785 5448 ejus

985 5522 992 5554 ¹
1005 5520 1069 5569 Edd.
1083 5519 1144 5568 [ιον.
1153 5519 1214 5568 bad.
1223 5522 1250 5568 et
1259 5518 1301 5566 Er.
1314 5516 1424 5570 habeut,
1437 5511 1487 5562 Dec
1495 5512 1646 5576 suppliciter
1658 5514 1785 5562 incoacto.

955 5584 988 5633 At
1003 5583 1065 5631 llas.
1077 5581 1220 5632 lectionem
1235 5582 1356 5629 nostram
1370 5576 1524 5642 praeterunt.

986 5645 1037 5694 ¹ln
1052 5643 1117 5694 Edd.
1139 5644 1245 5709 legitur,
1267 5643 1350 5705 [acere
1364 5654 1415 5689 ιιοιι
1434 5638 1528 5689 debuit.
1551 5636 1602 5689 Sed
1616 5636 1694 5689 abest
1705 5636 1786 5702 parti·

958 5707 1020 5760 cula
1029 5717 1132 5772 negans
1146 5718 1163 5758 a
1176 5705 1311 5771 plerisque
1324 5703 1389 5755 cdd.
1400 5701 1463 5753 ltss.

1456 5799 1641 5881 (mut-i
