3952 6128
218 131 270 189 787

216 284 266 333 tur
276 278 426 348 aduersum,
439 280 536 353 iniecti
547 282 690 343 illorumet
705 290 947 350 monitisetaerbis
959 301 992 350 ut
1002 293 1041 350 la·

217 366 344 425 berentur
352 368 465 436 inducti,
477 377 608 442 quatenus
621 374 764 434 aduectum
775 381 825 437 eise
837 384 975 441 tramitem
982 384 1041 440 red·

216 464 279 513 eant
292 456 513 529 intimabuntur
526 459 633 518 diutius
646 473 759 523 mentem
772 469 895 527 obsidens
909 475 983 532 vetut
998 490 1041 530 ea·

217 561 280 599 rum
306 544 425 600 sensibus
440 555 535 617 pastus
549 566 631 606 error
651 554 771 612 inuadat.
789 556 860 615 Nam
880 561 906 616 si
916 561 1042 634 Pelaqius

216 647 375 704 quacumque
393 637 497 692 restitit
512 637 576 705 ioca,
603 657 696 699 eorum
710 647 814 702 animas
838 651 886 720 qui
910 651 1043 720 facileoel

216 720 376 792 simpliciter
388 724 527 782 crederent
543 728 707 801 disputanti,
720 734 769 791 bac
778 736 959 809 affirmatione
969 741 1042 797 dece·

214 811 280 883 pit:
298 827 344 866 seu
356 812 405 868 lsac
419 813 464 869 illi
478 816 509 870 in
523 818 589 874 urbe
607 821 665 875 siut
683 823 758 895 (quos
770 829 915 884 nescientes
927 846 973 886 nec
985 847 1043 886 ma·

217 899 494 973 nisestarepossumus
509 923 556 962 uec
570 924 682 981 usqam,
699 930 757 969 cum
776 921 800 969 et
815 918 842 971 si
851 925 913 974 sunt
928 917 1041 986 lateant,

217 1003 266 1042 nec
279 988 554 1060 aliquandoaudeant
569 996 702 1055 velillum
715 1002 911 1073 praedicantem
922 1007 974 1062 istu
995 1007 1042 1063 de-

216 1075 452 1146 ienderepeltalia
460 1081 554 1153 aliquo
567 1093 723 1144 nostrorum
736 1100 869 1161 praeseute
877 1095 1043 1166 jactareris

221 1165 251 1220 in
258 1172 336 1221 tanta
345 1167 444 1238 populi
456 1172 638 1230 multitudine
652 1176 820 1249 deprehendi
834 1182 937 1255 aliquis
949 1185 1040 1256 focile,

217 1269 262 1308 nes
275 1254 379 1310 alicubi
390 1259 473 1326 possit
486 1263 678 1334 aqnasoi),sioe
690 1267 721 1322 iu
736 1256 831 1340 quouis
844 1278 981 1331 terrarum
989 1274 1043 1332 laco

216 1342 341 1414 deqant;
358 1344 407 1400 lici
425 1349 512 1403 nostri
544 1352 734 1412 misericordia
748 1360 891 1432 qualiaque
909 1363 1043 1421 credimus

217 1431 287 1501 quad
307 1432 390 1503 facile
412 1440 598 1508 corriqontur,
618 1443 715 1500 audita
736 1447 793 1519 ejus
804 1450 978 1508 manatione
990 1455 1043 1527 qni

217 1521 306 1591 fuerit
318 1524 486 1592 pertimescet
511 1530 636 1586 resistens
650 1533 870 1608 bujusdoqmatis
883 1549 979 1598 auctor
997 1543 1040 1598 in·

217 1616 327 1669 uentus:
339 1628 386 1666 nec
398 1613 509 1671 interest
520 1617 569 1672 ubi
574 1620 622 1675 isti
630 1621 750 1692 suerint,
761 1625 825 1683 dum
835 1627 991 1704 ubicumque
998 1634 1043 1688 in·

216 1699 308 1754 veniri
319 1703 456 1771 potuerint
466 1705 522 1761 sint
533 1709 662 1765 sanandi.

253 1809 279 1861 3.
295 1807 378 1863 Nobis
391 1815 480 1865 tamen
496 1829 543 1869 nec
551 1817 720 1883 persuaderi
731 1828 818 1892 potest
837 1841 897 1881 eum
911 1844 964 1883 esse
976 1846 1041 1901 pur-

216 1900 318 1964 qatum‚
338 1898 458 1968 quamuis
472 1901 508 1955 ad
535 1919 581 1958 nos
601 1923 619 1960 a
635 1909 722 1964 nescio
736 1910 833 1983 quibus
858 1913 962 1971 laicis¹
985 1919 1041 1976 sint

218 1983 296 2038 Gesta
308 1985 425 2056 perlata,
440 1989 536 2060 quibus
551 1993 602 2049 ille
613 2002 639 2050 et
652 1997 778 2055 auditum
792 2017 819 2056 se
833 2004 953 2061 crederet
963 2015 989 2063 et
998 2007 1041 2063 ab·

216 2070 333 2128 solutum
347 2093 358 2130 .·
373 2091 433 2147 quse
448 2086 545 2135 utrum
559 2091 634 2139 uerat
649 2087 705 2142 sint
719 2085 885 2158 dubitamus,
909 2095 978 2166 quod
993 2097 1041 2153 sub

859 147 891 207 S.
907 147 1108 208 AUGUSTINI
1122 147 1282 206 EPlSCOPl

1870 160 1926 223 788

1094 281 1189 331 contra
1209 275 1259 334 ilci
1271 270 1390 348 qratiam¹
1402 275 1513 349 lcqimus
1524 293 1580 335 esse
1592 281 1755 353 conscripta,
1769 284 1857 341 multa
1870 286 1928 344 blo·

1095 364 1211 436 spbcma,
1228 364 1303 422 nilsii
1318 366 1388 437 qnod
1400 366 1528 438 placeret,
1544 377 1570 425 et
1580 370 1651 425 nibil
1658 388 1724 443 pene
1736 373 1807 443 quod
1819 391 1874 430 non
1880 393 1930 448 pc·

1095 455 1169 510 nitus
1192 455 1355 527 displiceret,
1373 458 1496 528 aquavis
1514 457 1698 517 damnandum
1715 470 1797 535 atque
1815 464 1929 522 calcan-

1095 535 1174 604 dum,·
1187 537 1265 607 cuius
1275 535 1393 602 similia,
1408 537 1467 592 nisi
1478 540 1525 610 qui
1538 539 1591 595 ista
1603 541 1759 613 scripserat,
1767 561 1844 600 nemo
1856 546 1929 603 alter

1096 625 1125 680 in
1141 632 1254 682 mentem
1268 627 1398 697 reciperet
1404 634 1484 698 atque
1498 629 1621 687 sentiret.
1634 630 1705 688 Nam
1713 632 1760 689 lsao
1771 634 1826 690 laco
1841 637 1929 693 latius

1096 715 1131 770 de
1144 715 1197 785 leqe
1215 714 1365 787 disputare,
1388 716 1460 772 uelut
1488 733 1579 774 coram
1607 723 1929 799 positorepuquanteque

1096 803 1216 875 Pelopia,
1232 805 1412 860 necessarium
1423 822 1476 862 esse
1490 824 1544 863 non
1558 808 1696 877 discimus,
1713 827 1773 867 curn
1793 813 1929 872 mbiscssm

1096 895 1199 949 totan¹
1214 893 1359 950 scientibus
1368 897 1483 967 parique
1498 897 1633 955 nobiscum
1641 902 1793 957 assensione
1807 905 1928 975 qauden-

1096 981 1167 1037 tibus
1178 982 1375 1054 colloqmmur.
1394 986 1468 1041 Tunc
1479 988 1550 1043 enim
1562 989 1659 1046 melius
1671 990 1727 1047 iaee
1737 993 1863 1064 exempla
1875 1010 1928 1067 po-

1097 1079 1211 1142 nuntur,
1227 1073 1332 1144 quanda
1344 1090 1403 1129 cura
1418 1075 1455 1130 iis
1469 1093 1533 1147 quas
1541 1077 1639 1134 barum
1653 1087 1754 1137 constal
1766 1099 1864 1139 rerum
1878 1085 1929 1140 iun·

1094 1161 1240 1233 prudentes
1249 1178 1311 1228 esse,
1326 1168 1482 1219 tractamus.
1491 1165 1601 1222 Namdc
1614 1176 1721 1225 uaturae
1728 1171 1925 1242 possibilitate,

1095 1250 1127 1304 de
1141 1250 1225 1306 libero
1238 1251 1370 1319 arbitrio,
1387 1260 1411 1308 et
1424 1252 1455 1309 de
1465 1257 1541 1310 armni
1550 1255 1602 1312 liei
1614 1259 1715 1328 qratia.
1728 1267 1753 1316 et
1763 1262 1928 1332 quotidiana

1093 1340 1196 1411 qratia,
1203 1341 1251 1395 cui
1258 1358 1311 1396 nou
1318 1343 1354 1396 sit
1361 1350 1430 1399 recte
1440 1346 1571 1401 sentienti
1578 1347 1748 1406 uberrimum
1756 1350 1903 1422 disputare
1914 1354 1929 1408 t

1095 1430 1312 1487 Anatbemotisct
1322 1449 1384 1503 erqo
1394 1433 1928 1511 istaquaesensit,utilliquiepussermo·

1095 1518 1173 1574 nibus
1187 1522 1298 1590 inerant
1312 1524 1813 1599 preceptisquecollapsiquidtandem
1828 1531 1927 1587 babeat

1095 1607 1159 1676 tides
1171 1625 1245 1673 uera,
1258 1613 1554 1681 eoqnosaant.Facilius
1567 1616 1640 1671 enim
1653 1619 1777 1674 reuocari
1781 1626 1924 1692 poterunt,

1095 1712 1154 1752 cum
1167 1698 1220 1752 ista
1233 1715 1249 1753 a
1264 1715 1311 1754 sua
1322 1701 1454 1757 senserint
1469 1710 1578 1760 auctore
1593 1704 1731 1762 damnari.
1749 1708 1825 1775 Quod
1840 1711 1869 1764 si
1880 1709 1926 1766 ille

1095 1785 1275 1856 pertinaciter
1289 1788 1319 1843 in
1334 1789 1384 1844 bac
1397 1790 1512 1847 uoluerit
1527 1793 1666 1865 impietate
1676 1797 1833 1867 persistere,
1846 1815 1926 1870 aqen·

1095 1874 1158 1931 dum
1168 1883 1205 1932 est
1217 1883 1348 1948 quatenus
1360 1880 1402 1935 oei
1412 1880 1447 1935 iis
1460 1881 1542 1952 possit
1549 1882 1696 1950 subueniri,
1705 1903 1770 1957 quos
1781 1904 1836 1942 non
1849 1905 1924 1958 suus,

1094 1964 1139 2020 sed
1153 1965 1233 2037 buius
1248 1969 1333 2039 maqis
1346 1984 1423 2025 error
1436 1970 1545 2026 inducit
1558 1977 1568 2008 ¹
1581 1989 1592 2037 ;
1603 1990 1635 2028 ne
1649 1980 1674 2028 et
1693 1974 1750 2031 illis
1765 1976 1822 2032 iaee
1838 1978 1926 2034 medi·

1095 2053 1157 2109 cina
1169 2063 1261 2126 percat
1273 2058 1351 2129 cujus
1366 2060 1414 2114 iste
1434 2059 1513 2117 talem
1533 2078 1585 2117 non
1603 2063 1727 2120 admittit
1738 2081 1787 2121 nec
1800 2067 1925 2138 postulat

216 2160 296 2216 nulla
306 2161 382 2218 illius
391 2166 502 2222 concilii
516 2174 724 2241 ¹prosecutione
735 2189 875 2246 uerterunt,
892 2200 939 2238 nec
948 2201 1040 2242 curtem
1095 2158 1190 2199 mam
1201 2144 1246 2215 (Et
1256 2146 1445 2220 ‘mamam'
1463 2153 1472 2185 ἱ
1488 2149 1610 2206 mmm
1621 2152 1922 2224 'mlumnmom’

215 2247 321 2322 aliquas
337 2256 486 2325 accepimus
500 2257 531 2313 de
551 2259 600 2316 bac
613 2278 643 2317 rc
654 2261 771 2333 litteras,
787 2269 859 2340 apud
873 2288 937 2343 quos
961 2274 1041 2331 istius
1094 2233 1198 2303 mum
1213 2234 1477 2342 ⁰Mri⁸⁸ifflssos¹uf
1490 2256 1519 2295 Ἡ
1534 2240 1659 2344 ΜΨ
1678 2243 1848 2347 [ὡωῗα
1863 2253 1922 2317 Μ

216 2339 319 2395 reiistc
335 2345 468 2414 praestitit
487 2364 593 2405 causas.
608 2351 683 2418 Quod
697 2355 723 2409 si
736 2356 767 2412 de
782 2374 832 2415 sua
847 2360 895 2416 illc
911 2366 1041 2434 potuisset
1094 2324 1260 2381 ‘mmm
1286 2326 1474 2396 mmmmm
1504 2331 1644 2387 mmm
1677 2335 1798 2406 mum
1819 2351 1872 2401 ω’
1900 2344 1924 2392 ει

215 2429 376 2500 purqationc
389 2434 530 2505 confidere,
545 2437 591 2493 leae
606 2442 689 2514 maqis
700 2445 836 2503 credimus
849 2451 923 2521 quod
934 2454 1038 2526 suisset,
1093 2432 1178 2487 ''ms'‘
1190 2433 1293 2499 Quam
1308 2433 1434 2490 palmis
1447 2453 1473 2492 ⁷·
1495 2452 1522 2494 ⁰·
1537 2420 1548 2455 ⁴

214 2517 284 2588 quod
298 2519 384 2575 multo
397 2523 488 2579 uerius
507 2541 561 2581 esse
574 2536 713 2601 potuerat,
734 2540 764 2588 ut
786 2535 848 2592 illos
868 2550 972 2610 coqeret
984 2544 1040 2614 cpi·

214 2604 290 2660 stalis
303 2609 370 2675 sus's,
386 2611 692 2686 quiddijudiaaoerunl,
715 2621 848 2681 indicare.
870 2627 1038 2703 Verum-cum

210 2693 267 2749 sint
289 2694 383 2767 aliqua
398 2701 426 2754 in
441 2700 509 2772 ipsis
525 2705 614 2775 posita
629 2707 724 2776 (iestis,
741 2729 800 2783 quse
815 2706 1037 2790 objectapartim

211 2782 261 2839 ille
274 2784 387 2841 uitanda
400 2793 559 2861 suppressit,
563 2797 669 2866 partim
681 2800 766 2856 multa
781 2803 809 2857 in
820 2821 846 2859 se
858 2807 938 2863 uerba
951 2817 1037 2866 retor-

210 2872 314 2944 quendo
333 2881 388 2932 tota
403 2876 566 2937 obscuritate
580 2886 703 2956 contudit
717 2905 727 2956 ;
746 2890 840 2964 aliqua
854 2898 938 2967 maqis
950 2898 1036 2968 salsis

208 2966 378 3034 arqumentis
403 2984 483 3040 quarn
497 2987 561 3026 ocra
579 2975 696 3043 ratione,
709 2986 740 3034 ut
758 2981 795 3035 ad
809 2987 911 3056 ternpus
929 2995 1035 3059 poterat

164 3104 167 3111 ,
208 3051 307 3117 uideri,
318 3057 458 3127 purqauit,
479 3061 600 3131 neqcndo
614 3064 683 3130 alia,
699 3068 756 3124 alia
769 3070 844 3139 salsa
872 3075 1035 3150 interpreta-

208 3140 280 3196 tione
294 3145 429 3202 vertendo.

243 3248 270 3302 4.
279 3248 330 3305 Sed
344 3252 461 3319 utinam,
473 3254 542 3327 quod
558 3259 705 3330 optandum
716 3267 801 3337 maqis
814 3275 861 3335 est,
873 3270 932 3342 jam
947 3291 974 3329 se
988 3275 1034 3332 ille

207 3334 335 3393 obseram
345 3340 483 3398 catholicoe
494 3344 635 3414 fideiuiam
649 3350 682 3405 ab
689 3352 740 3408 illa
752 3355 797 3410 sui
802 3360 924 3415 tramitis
938 3379 1033 3422 errare

207 3433 356 3492 concertat,
368 3433 620 3507 utcupiatoeiitque
630 3443 934 3512 purqari‚consideraus
946 3455 1033 3524 quoti-

207 3512 318 3570 dianam
335 3517 390 3572 Dei
398 3520 529 3589 qratiam,
543 3523 763 3602 adjutoriumque
773 3550 938 3607 coenassent,
954 3544 1034 3598 utui-

207 3601 306 3658 deatur
325 3621 427 3675 oerum,
437 3615 462 3664 et
476 3613 644 3682 approbetur
657 3617 691 3672 ab
703 3621 825 3679 omnibus
834 3628 981 3697 manifesta
987 3649 1034 3688 ra·

207 3691 280 3746 tione
291 3700 489 3766 correctus‚non
505 3702 647 3760 Gestorum
660 3707 820 3773 indicia,sed
831 3714 1032 3778 adcatbolicam

204 3778 283 3851 fidem
296 3783 375 3838 corde
389 3801 513 3844 conuerso
526 3792 539 3848 l
551 3791 626 3850 Unde
642 3811 694 3853 non
711 3816 850 3870 possumus
867 3804 978 3865 illorum
987 3827 1033 3867 neo

205 3867 316 3942 cuipare
329 3889 376 3931 uec
388 3877 541 3948 approbare
550 3881 697 3954 judicium,
705 3906 764 3946 curn
777 3894 926 3952 ueniamus
936 3907 1033 3957 utrum

205 3961 334 4017 cerasint
351 3964 429 4019 Gesta
442 3982 455 4032 ,·
466 3974 514 4023 aut
528 3969 553 4024 si
566 3988 631 4027 uera
649 3982 723 4046 sunt,
739 3978 818 4037 illum
833 3992 933 4042 constet
947 3989 1033 4061 maqis

203 4046 405 4122 subterluqisse,
421 4072 500 4125 quam
519 4073 545 4113 se
575 4066 631 4117 tota
646 4065 763 4123 ueritate
776 4086 918 4142 purqasse.
934 4075 986 4142 Qui
1007 4079 1033 4134 si

203 4136 313 4207 confidit
327 4141 450 4213 nouitque
459 4160 512 4199 non
525 4162 551 4200 se
563 4155 656 4206 nostra
667 4152 779 4225 diqnum
791 4175 843 4215 esse
857 4161 1032 4223 damnatione

203 4223 272 4294 quad
288 4224 360 4283 dicat
371 4229 429 4300 jam
461 4237 547 4290 tatum
570 4235 616 4293 boo
637 4255 664 4294 se
678 4242 811 4313 refutasse
825 4250 894 4319 quad
911 4251 1031 4322 diceret,

203 4327 256 4368 noa
269 4329 285 4369 a
296 4315 373 4373 nobis
386 4321 527 4388 accersiri,
541 4325 586 4379 sed
600 4326 655 4398 ipse
667 4329 741 4388 debet
755 4336 846 4405 potius
855 4337 1033 4413 festinarent

199 4403 403 4473 possitabsoloi.
417 4408 491 4467 Nam
515 4416 541 4466 st
556 4413 644 4473 adbuc
664 4419 761 4477 taliter
775 4428 868 4493 sentit,
884 4430 990 4500 quanda
1006 4451 1033 4489 se

203 4499 294 4549 nostro
301 4494 407 4565 judicia
416 4498 551 4570 quibusvis
563 4513 679 4578 acceptus
698 4511 814 4579 litteris,
833 4533 893 4574 cum
906 4521 974 4577 sciat
987 4521 1033 4578 da·

201 4582 347 4640 mnandum
374 4603 400 4642 se
427 4604 489 4656 csse,
506 4595 678 4653 committet?
707 4601 782 4668 Quod
801 4605 827 4659 si
846 4610 1034 4671 accersiendus

202 4677 278 4740 esset,
291 4672 323 4727 ab
337 4674 371 4730 iis
392 4678 489 4734 melius
512 4682 598 4753 fieret,
620 4688 670 4757 qui
693 4693 779 4764 maqis
799 4698 922 4767 proximi
940 4707 965 4756 et
979 4719 1033 4759 nou

203 4756 279 4830 lorsqu
292 4766 429 4820 terrarum
443 4771 531 4838 spatia
543 4773 671 4832 oislentur
682 4795 735 4835 esse
749 4782 894 4855 disjuncti.
915 4788 966 4845 Sed
981 4809 1033 4848 non

201 4846 290 4904 deerit
299 4866 377 4916 cura,
392 4855 419 4909 si
429 4857 568 4917 medicinse
584 4865 704 4933 prsebeat
715 4868 764 4925 ille
779 4876 932 4933 materiam.
946 4881 1032 4939 l’atest

201 4936 274 4992 enim
287 4937 419 4997 damnare
433 4961 492 5016 quae
507 4959 640 5019 senserat,
656 4970 697 5021 ac,
712 4957 785 5013 datis
800 4961 911 5029 litteris,
927 4968 1038 5024 erroris

199 5026 253 5092 sui,
268 5034 298 5083 ut
312 5046 463 5102 repressum
479 5035 515 5091 ad
527 5055 574 5094 aas
584 5040 670 5112 decet,
686 5048 792 5104 ueniam
805 5053 955 5121 postulare,
968 5059 1031 5128 fra·

200 5120 255 5171 tres
269 5117 429 5176 clarissimi
433 5161 439 5175 .

236 5227 262 5279 b.
278 5224 391 5283 Librum
404 5246 478 5298 sane,
501 5233 550 5305 qui
564 5238 624 5306 ejus
639 5254 692 5294 esse
704 5240 854 5313 diceretur,
869 5249 945 5307 nobis
959 5271 1030 5311 aue·

198 5317 259 5366 stra
274 5314 418 5374 Cbariiate
428 5323 616 5380 transmissum
643 5330 811 5389 evolvimus:
826 5335 857 5392 in
870 5355 921 5410 quo
942 5344 1028 5401 multa

228 5476 303 5528 ¹blss.
314 5482 352 5532 sic
367 5483 475 5538 hubent.
487 5490 552 5541 lidd.
561 5507 633 5552 vero,
643 5511 660 5546 a
668 5500 764 5549 uostris
775 5503 927 5565 quibusdan
939 5510 1023 5562 luicis.

197 5538 318 5649 itisffld'
329 5547 491 5604 omittebant
504 5556 607 5607 concilii
621 5576 632 5617 ,·
644 5573 705 5625 qum
731 5576 778 5615 vas
796 5568 922 5622 restituta
938 5578 1025 5626 estex

1289 2542 1461 2602 EPiSTOLA
1479 2547 1637 2604 cixxxiv
1654 2550 1721 2622 '(a).

1147 2662 1335 2727 innocencius,
1347 2666 1472 2719 insumo
1487 2668 1515 2721 et
1526 2667 1686 2724 Ausnsmno
1701 2667 1869 2742 episeopis.

1127 2783 1316 2856 deceptissimi
1328 2786 1399 2842 mibi
1413 2788 1543 2845 Germani
1554 2791 1760 2865 compresbyteri
1770 2793 1924 2851 illorecur·

1090 2888 1135 2928 sus
1151 2890 1248 2930 uacuus
1262 2875 1351 2947 officio
1364 2884 1455 2933 nostro
1481 2895 1534 2934 esse
1548 2896 1600 2935 non
1626 2880 1729 2938 debuit.
1759 2883 1813 2939 Per
1827 2885 1924 2942 cbaros

1089 2963 1291 3019 enimsalutare
1300 2965 1482 3036 charissimos,
1500 2969 1627 3026 naturale
1641 2971 1836 3042 quodammado
1850 2976 1924 3031 nabis

1090 3051 1198 3107 uidetur
1209 3058 1235 3106 et
1246 3069 1413 3126 consequeus⁴
1427 3056 1549 3114 Gaudere
1559 3075 1623 3130 erpo
1635 3060 1665 3115 in
1673 3061 1791 3118 Domina
1801 3071 1923 3122 oestron

1090 3141 1304 3199 Germanitatem
1318 3144 1505 3202 amantissimi
1513 3149 1678 3220 cupimus,ct
1686 3166 1739 3222 pro
1749 3151 1827 3208 nabis
1836 3154 1921 3226 paria

1088 3231 1124 3286 ad
1139 3232 1225 3287 Deum
1237 3239 1297 3288 uota
1310 3234 1455 3305 rependere
1467 3252 1619 3308 precamur,
1638 3239 1714 3311 quia,
1740 3248 1771 3297 ut
1785 3241 1852 3298 bene
1863 3260 1920 3300 nos·

1088 3321 1132 3385 tis,
1144 3320 1327 3378 communibus
1346 3329 1372 3377 et
1386 3324 1501 3380 alternis
1520 3325 1581 3398 plus
1598 3328 1707 3400 aqimus
1734 3331 1918 3400 orationibus,

1086 3427 1166 3482 quarn
1180 3411 1368 3484 sinqularibus
1381 3421 1429 3469 aui
1443 3416 1574 3487 priuatis.

1249 3538 1420 3596 scissum
1434 3539 1588 3599 mxxxiv
1603 3543 1753 3618 ursus).

1089 3661 1349 3721 Lusedunsl'etriet
1367 3664 1498 3723 Abrobse
1506 3667 1649 3734 studium,
1663 3669 1853 3742 Pelopianos
1861 3673 1917 3730 obi

1124 3757 1170 3808 ter
1183 3758 1277 3818 notat,
1291 3753 1455 3826 probatque
1471 3758 1616 3824 paruulos
1635 3757 1747 3830 absque
1771 3760 1917 3832 baptismo

1124 3841 1918 3916 decedentesuepotceoncupiscentiaseninatasdan-

1122 3930 1350 4000 manimundulus
1364 3947 1442 4000 uero,
1453 3949 1581 4005 quorum
1592 3938 1741 4007 mutipleu·
1750 3955 1849 4010 penus
1864 3947 1914 4012 est,

1118 4081 1126 4112 ¹
1140 4080 1206 4135 Mss.
1217 4079 1312 4137 Velio„
1321 4085 1469 4131 totamrem.
1484 4082 1684 4150 Eddplurique,
1698 4088 1917 4150 totunouesne·

1088 4141 1149 4200 lius,
1157 4146 1255 4205 totam;
1266 4145 1292 4192 ol
1301 4143 1549 4203 meliust-ciereinde
1561 4146 1595 4196 sd
1605 4148 1716 4213 Legem:
1730 4149 1843 4202 litonim
1851 4153 1917 4204 silu-

1088 4218 1134 4254 sus
1153 4204 1186 4254 sd
1200 4204 1265 4255 illud
1282 4205 1357 4255 Rom.
1374 4222 1418 4261 vn.
1435 4209 1459 4263 i,
1473 4208 1611 4258 scientibus
1627 4211 1694 4260 enirn
1710 4211 1800 4277 beqem
1814 4215 1916 4280 loquor.

1118 4266 1186 4317 ¹Sic
1198 4269 1225 4316 in
1242 4268 1301 4318 llss.
1320 4271 1353 4319 At
1368 4270 1431 4320 Lov.
1450 4271 1549 4337 alliquo
1567 4272 1656 4336 plures
1671 4274 1740 4329 Edd.
1760 4291 1766 4325 :
1784 4277 1917 4337 Quaem

1086 4329 1167 4378 scelus
1184 4328 1240 4386 lsuc,
1255 4331 1298 4379 sed
1310 4332 1392 4395 maqis
1404 4347 1478 4381 error
1490 4333 1602 4385 inducit.

1118 4393 1128 4425 ¹
1144 4392 1190 4441 iis.
1206 4392 1284 4447 Gorb.
1303 4393 1362 4443 cod.
1372 4394 1424 4444 huc
1438 4397 1635 4455 transtulimus,
1650 4402 1673 4447 et
1686 4398 1741 4448 alia
1751 4416 1844 4453 manse.

1119 4456 1127 4483 ‘
1145 4455 1208 4505 iisd.
1223 4459 1281 4504 im.
1297 4455 1341 4509 Es.
1356 4461 1383 4506 st
1394 4457 1459 4507 Lar.
1472 4463 1613 4517 annotant,
1628 4475 1644 4509 o
1658 4460 1707 4510 eal.
1725 4463 1792 4523 (ebs.
1805 4469 1852 4517 nt.
1866 4466 1914 4518 ils.

1088 4515 1300 4568 Vutio.etconcii
1317 4518 1416 4584 Eddoj
1426 4521 1472 4571 eal.
1482 4521 1545 4584 pebr.
1554 4523 1915 4587 proetermissisconsulibus‚

1088 4578 1134 4644 qui
1149 4579 1328 4642 designantur
1341 4581 1368 4629 in
1384 4582 1461 4632 Coris.
1484 4583 1584 4637 codice.
1613 4599 1668 4658 nou
1692 4588 1804 4650 quidem
1819 4592 1871 4665 uti¹
1884 4606 1914 4643 ss

1088 4640 1229 4693 sirmondo
1238 4643 1318 4693 roien
1327 4644 1403 4695 Nouis
1414 4646 1442 4694 in
1454 4645 1517 4699 bist.
1537 4647 1624 4711 Pelsg.
1639 4648 1684 4699 tib.
1696 4663 1714 4706 1.
1730 4664 1753 4700 c.
1763 4652 1803 4705 11.
1813 4654 1916 4706 sciisset

1088 4719 1101 4751 e
1119 4703 1184 4754 lists
1200 4705 1341 4768 psidieasl.
1356 4706 1422 4756 febr.
1434 4710 1672 4773 postconsulatum
1687 4712 1888 4775 gloriosissimi,
1901 4734 1914 4764 s

1088 4768 1140 4815 sto.
1160 4781 1166 4823 ;
1183 4769 1228 4816 scii
1243 4769 1280 4818 sia
1298 4785 1304 4816 ε
1321 4785 1333 4816 s
1352 4769 1420 4820 lists
1466 4770 1530 4821 ridie
1555 4772 1607 4826 esi.
1635 4772 1701 4822 lebr.
1723 4775 1913 4837 gloriosissimi

1088 4844 1101 4873 s
1117 4827 1260 4879 Theodosii
1281 4831 1396 4894 Augusti
1412 4847 1459 4897 qus
1474 4836 1501 4883 at
1511 4832 1584 4884 lunii
1597 4834 1688 4894 Quarti
1714 4836 1828 4890 Pnllsdii
1843 4843 1874 4891 V.
1885 4843 1912 4892 G.

1088 4903 1199 4941 «conss.
1211 4909 1224 4938 s
1236 4892 1281 4942 ubi
1295 4893 1349 4943 duo
1366 4896 1757 4963 peccassevideturexsoriptor
1769 4916 1776 4951 ι
1803 4904 1912 4962 nimum,

1087 4953 1159 5017 quud
1171 4957 1249 5004 notus
1265 4955 1294 5004 P.
1321 4955 1359 5012 C..
1377 4971 1436 5021 qum
1458 4964 1516 5020 post
1536 4959 1697 5033 consulatum
1711 4917 1912 5041 signiicsbsnt,

1085 5015 1144 5065 loco
1159 5030 1270 5066 movens
1282 5018 1472 5083 interpretatus
1486 5024 1535 5079 usi,
1548 5022 1634 5083 prsdse
1644 5024 1702 5081 eal..
1711 5025 1839 5087 alterum,
1851 5042 1914 5096 qum

1086 5079 1201 5128 exnotis
1217 5092 1262 5137 vsi,
1278 5081 1338 5131 lecit
1365 5083 1401 5131 ui.

1116 5139 1243 5192 ‘Colitis
1255 5156 1317 5192 cum
1333 5096 1374 5194 cb.
1389 5143 1416 5193 ll.
1432 5143 1537 5195 duobus
1550 5160 1576 5194 r.
1591 5147 1650 5196 Am.
1669 5147 1733 5199 lind.
1753 5150 1796 5201 Es.
1816 5152 1882 5204 Lon.

1116 5202 1151 5263 lai
1169 5203 1241 5253 eiius
1255 5206 1285 5256 lii
1299 5219 1305 5254 z
1321 5220 1380 5270 qum
1390 5211 1481 5257 autem
1494 5209 1540 5258 itii
1554 5212 1619 5266 emt,
1631 5223 1704 5261 nunc
1718 5211 1746 5262 in
1758 5215 1913 5280 Appendice

1084 5268 1124 5315 est
1137 5266 1161 5314 3.
1175 5266 1278 5330 scriptu
1294 5269 1365 5319 circs
1376 5269 1448 5320 idem
1465 5273 1581 5336 tempus.

1113 5327 1120 5343 ⁸
1132 5327 1193 5379 limo
1205 5329 1327 5392 epistola,
1335 5346 1395 5395 qum
1405 5332 1515 5383 deestin
1528 5335 1565 5394 ii,
1576 5348 1608 5385 ex
1616 5349 1671 5386 uno
1681 5337 1857 5392 Gottwicsnsi
1865 5342 1911 5393 Hs.

1100 5394 1206 5503 stompffis
1220 5396 1269 5453 est,
1282 5397 1313 5443 ut
1326 5394 1354 5443 in
1369 5395 1482 5457 prestet..
1497 5396 1547 5447 col.
1566 5408 1691 5452 xxxviii
1702 5404 1730 5451 et
1743 5414 1817 5467 sqq,
1829 5418 1912 5456 unna·

1121 5467 1161 5501 ur.
1204 5491 1209 5502 .

1110 5515 1147 5577 ib)
1162 5516 1226 5566 Vidn
1241 5518 1326 5581 presi,
1341 5517 1391 5568 col.
1404 5520 1485 5576 isso,
1501 5521 1547 5570 ubi
1562 5523 1651 5587 egitur
1665 5522 1700 5575 de
1718 5525 1828 5580 sinubus
1839 5530 1910 5605 epis-

1078 5576 1140 5689 iiius·
1154 5579 1299 5692 ⁴Aisqqsffltiai
1315 5594 1408 5632 umens
1422 5582 1549 5635 inventis.
1568 5610 1600 5625 -·
1612 5585 1724 5653 sennes
1737 5589 1791 5643 sub
1802 5592 1910 5645 initium

1115 5654 1142 5689 m
1203 5680 1209 5693 .
1251 5678 1258 5692 .
