3952 6128
59 208 119 283 titt
690 209 945 282 abrenuntianti
964 221 1112 281 cnissis
1139 223 1189 283 ιιι.
1722 218 1777 287 aie

100 353 145 409 tt.
155 348 247 407 Vides
259 362 352 423 quam
367 342 515 423 prolixam
540 346 697 421 epistotam
718 348 849 406 lecarim.
864 348 895 406 Si
948 347 1010 417 illo,
1026 348 1087 408 sire
1102 350 1192 408 etiam
1211 349 1251 408 ab
1263 348 1328 408 aliis
1348 350 1396 407 vel
1414 355 1622 424 suggerantur,
1637 352 1682 411 rel
1697 354 1779 428 iuge·

58 439 138 514 quid
147 454 221 511 ergo
231 443 259 498 te
270 443 379 506 movet,
393 442 482 511 atque
495 437 636 495 internos
648 438 820 511 pertractari
831 442 895 495 tan·
948 443 1062 505 rentur,
1077 438 1116 496 ad
1136 443 1164 495 te
1176 439 1276 511 potius
1290 454 1344 511 pro
1359 440 1471 495 viribus
1485 441 1779 513 nostriepertractata

58 527 81 585 ti
94 526 205 599 habes,
220 542 280 584 non
289 526 341 584 tibi
353 525 444 585 iaciat
458 526 612 597 angustias
623 525 803 583 usitatarum
818 528 895 599 epis·
947 532 976 584 at
986 526 1084 584 soluta
1100 526 1174 583 mitti
1190 526 1379 595 debuerunt;
1394 543 1453 586 uon
1468 528 1779 602 sicquemadmodum

57 615 192 674 totarum
205 615 639 684 reiutcustcdiendusmodus3
655 616 727 688 quia
741 620 769 672 et
781 616 894 690 optime
947 615 985 672 de
998 616 1044 673 his
1058 616 1262 687 agendumst
1274 615 1423 673 librorum
1437 619 1780 693 negotio‚sedquemad·

58 707 142 765 nosti
154 721 248 781 quam
269 706 400 778 grandes
424 721 474 763 aas
502 711 613 763 veteres
632 705 802 778 habuerint,
823 721 894 764 cum
947 703 1075 762 modum
1090 710 1189 778 potest
1203 703 1354 777 epistolari
1371 708 1418 763 sat
1433 721 1499 764 esse
1525 707 1731 783 colloquiunt
1754 711 1779 769 si

58 794 177 871 aliquid
191 801 314 868 agerent
324 794 408 869 quod
427 795 574 869 explicare
588 795 716 853 brevitas
735 810 796 852 uon
815 796 893 852 vale·
948 793 999 851 tibi
1010 793 1110 851 visum
1127 794 1223 861 tuerit,
1232 794 1284 869 qui
1295 810 1401 853 eorum
1413 800 1513 853 motus
1526 797 1709 869 quotidianis
1717 800 1780 857 dis·

57 891 139 944 rent.
153 884 189 942 lit
203 884 229 940 ai
239 889 395 942 auctorum
414 883 453 942 ad
465 883 541 941 alias
555 883 668 941 litteras
680 884 893 957 pertinentium
947 882 1154 956 putationibus
1169 883 1320 957 experiris.
1335 888 1363 942 et
1378 883 1436 941 illis
1451 884 1590 955 legantur
1603 884 1650 943 hae
1661 886 1776 947 litteras.

57 989 131 1031 mos
144 977 223 1031 esset
234 974 500 1039 aliue,nostrorum
515 973 603 1030 uobis
617 972 755 1031 inhaere
769 972 893 1045 dignius
947 976 983 1029 tt
1002 972 1025 1029 si
1037 973 1180 1031 auriculis
1192 989 1298 1032 eorum
1311 973 1526 1047 miuuspietate
1538 974 1776 1048 ildeiprteouitis,

56 1062 210 1123 imitanda
221 1061 580 1136 prberaturauctoritas.
588 1063 705 1135 inspice
715 1063 756 1121 ita
767 1063 892 1119 modum
947 1076 1047 1119 sermo
1075 1062 1130 1120 iste
1143 1077 1206 1119 non
1225 1062 1344 1128 sufficit,
1374 1062 1457 1136 prius
1478 1063 1554 1122 iuter
1569 1080 1626 1121 nos
1638 1068 1719 1138 quod
1734 1069 1777 1127 eia

57 1152 262 1226 Epistularum
284 1152 526 1225 apostolicorum,
549 1151 596 1209 vei
622 1151 829 1209 eorumetiam
839 1153 892 1224 qui
947 1156 1035 1225 putas
1050 1152 1680 1226 sulficereperagatur,tumdemumadiiios
1694 1160 1776 1232 quod

56 1240 112 1299 ilia
127 1241 229 1298 divina
243 1240 364 1314 eloquia
378 1245 580 1299 tractaverunt
595 1257 602 1308 ;
616 1246 645 1297 et
662 1256 724 1297 non
748 1241 849 1314 pigeat
863 1243 892 1297 te

55 1328 107 1387 sei
123 1331 221 1389 multa
234 1329 400 1403 querendo
425 1345 604 1403 proponere,
622 1329 648 1385 si
667 1335 761 1387 multa
784 1335 812 1387 te
827 1344 892 1403 per·

58 1423 193 1490 movent,
208 1418 255 1475 sel
270 1418 434 1491 aliquando
445 1418 557 1475 diutius
572 1434 691 1476 versare
705 1419 787 1491 quod
810 1435 891 1492 quea·

56 1508 114 1577 ris,
128 1512 162 1564 ut
175 1512 323 1581 quantum
331 1507 393 1563 fieri
400 1522 453 1580 per
465 1507 652 1582 talesquales
668 1512 889 1580 sumuepotest‚

55 1612 122 1656 non
136 1602 292 1655 remaneat
316 1595 513 1654 dubitationis
541 1596 679 1654 nubilum
693 1595 774 1670 quod
793 1596 891 1655 obstet

55 1684 166 1745 lumini
178 1684 320 1743 veritatis.

92 1779 141 1834 to.
156 1775 225 1833 Scio
238 1775 318 1831 enim
342 1773 554 1832 Excellentiam
577 1778 671 1843 tuam,
685 1774 888 1847 quorumdum

54 1864 175 1941 perpeti
188 1863 438 1922 obstinatissimas
452 1864 713 1936 contradictiones,
728 1865 779 1937 qui
798 1879 890 1938 prop-

54 1962 141 2013 terea
152 1958 270 2029 putant,
287 1951 332 2011 vel
347 1953 445 2027 putari
459 1953 563 2010 volunt
572 1953 765 2010 christianam
778 1952 890 2011 doctri-

55 2060 133 2103 nam
145 2043 263 2101 utilitati
273 2058 335 2100 non
342 2042 502 2099 convenire
515 2042 698 2116 reipublicae,
707 2042 890 2115 quinuoiunt

55 2140 140 2193 atara
153 2131 373 2206 rerupublicam
387 2131 525 2188 firmitate
540 2133 691 2196 virtutum,
716 2132 770 2188 sed
790 2133 888 2205 impu·

54 2222 149 2281 nitate
162 2221 314 2279 vitiorum.
338 2223 402 2277 Nou
415 2225 517 2277 autem
531 2221 606 2276 sicut
617 2221 680 2292 regi
699 2220 825 2285 homini,
842 2226 887 2282 rel

54 2310 181 2369 cuilibet
193 2309 320 2383 principi
336 2309 473 2377 civitatis,
493 2309 535 2366 ita
549 2309 638 2366 etiam
666 2312 725 2366 [teo
738 2308 887 2383 quidquid

55 2398 195 2461 amultis
215 2404 357 2473 peccatur
375 2398 504 2456 inultum
519 2402 572 2454 est.
589 2397 789 2457 Misericordia
816 2414 887 2455 sero

55 2492 124 2565 aius
138 2488 272 2561 etgratia
297 2487 460 2562 praedicata
480 2486 718 2560 bominibusper
731 2487 886 2544 homiuem

55 2579 218 2645 (hristum.
235 2577 493 2651 impartilaautem
506 2579 657 2649 perileum
665 2576 777 2650 Deique
790 2575 886 2633 filium

55 2669 202 2729 summm
214 2668 314 2741 ipsum
334 2666 493 2733 christum,
516 2681 578 2723 uon
598 2666 707 2723 deserit
720 2667 835 2740 eosqui
850 2682 887 2723 ex

53 2759 122 2832 eius
135 2756 197 2815 ilde
207 2757 322 2823 visunt,
339 2753 525 2827 eumquepie
538 2754 647 2821 colunt,
660 2755 722 2812 sive
739 2754 821 2811 maia
833 2754 888 2812 hu·

52 2846 106 2921 Jus
115 2836 719 2918 ritcapatienteriortiterqueexperiantur,
729 2843 886 2901 strabonis

54 2935 125 3009 ejus
141 2932 374 2991 misericorditer
385 2948 421 2990 ac
436 2936 636 3004 temperanter
651 2936 772 2989 utantur
788 2948 795 2999 ;
809 2937 887 2989 astar·

53 3038 131 3083 num
145 3037 200 3097 pro
214 3026 341 3096 utroque
368 3020 528 3094 praemium
553 3021 698 3093 recepturi
725 3021 886 3078 incivitate

54 3126 194 3187 superna
217 3116 308 3183 atque
324 3109 437 3176 dirius,
462 3108 514 3166 ubi
526 3108 592 3183 iam
618 3125 680 3166 uon
706 3110 746 3165 sit
763 3109 886 3166 moleste

53 3199 216 3259 toleranda
230 3198 395 3263 calamitas,
411 3214 467 3255 neo
481 3198 631 3257 laboriose
646 3198 790 3257 frenanda
802 3198 887 3271 cupi·

54 3288 150 3357 dtus,
164 3289 218 3347 sed
232 3287 297 3346 scia
309 3288 373 3345 sine
386 3286 673 3354 ulladiiflcultate,et
683 3287 887 3360 cumperiecta

53 3380 195 3440 libertate
209 3378 366 3436 retinenda
376 3377 425 3434 Dei
436 3383 464 3433 et
476 3377 603 3450 proximi
615 3377 755 3435 charitas.
769 3377 886 3434 incolu-

54 3485 140 3528 mem
151 3467 378 3539 felicioremque
389 3472 416 3521 te
429 3465 711 3524 misericordissime
723 3466 775 3523 Dei
791 3466 887 3524 omui·

55 3557 190 3633 putentia
203 3560 329 3624 tueatur,
343 3554 592 3611 domineiilustris
601 3556 885 3631 etmeritoiusignis,

56 3644 407 3722 aeprestantissimefiti.
421 3644 634 3701 Sanctametin
646 3644 760 3701 Christo
771 3644 885 3717 dignis·

54 3736 135 3795 sime
160 3734 373 3793 honorandam
395 3737 533 3799 matrem,
560 3734 647 3806 cuius
673 3749 727 3806 pro
756 3737 784 3791 ta
809 3734 887 3791 Deus

53 3840 162 3902 preces
176 3822 328 3890 exaudiat,
343 3838 398 3896 pro
422 3822 534 3880 meritis
552 3823 657 3879 restris
669 3822 886 3880 officiosissima

55 3915 167 3973 saluto
184 3914 313 3971 Sanctus
329 3911 419 3970 irater
433 3916 461 3968 et
476 3911 674 3985 coepiscopus
694 3928 779 3968 meus
795 3912 886 3970 Possi-

52 4002 124 4063 dIus
138 4000 345 4061 Praetamiam
356 4005 488 4057 vestram
503 4000 631 4057 multum
647 4000 765 4058 salutat.

255 4088 425 4148 aristote
445 4089 606 4146 cxxxviii
617 4090 625 4108 ·
638 4091 688 4163 (α).

52 4180 246 4255 Augustinus
260 4180 301 4237 ad
329 4179 545 4246 Marcellinum,
561 4180 742 4249 respondens
755 4179 887 4249 cautelae

92 4254 157 4319 tat,
173 4267 236 4327 quc
255 4249 398 4308 nimirum
416 4252 470 4308 itte
493 4252 619 4321 petierat
647 4259 679 4307 ut
704 4251 886 4322 satisfaceret

97 4324 305 4387 Volusianum
317 4322 504 4392 significarat
519 4323 662 4395 quosdam
672 4322 887 4392 reprehendere

88 4396 173 4469 quod
187 4396 265 4452 Deus
282 4400 407 4451 ueterem
434 4394 538 4463 Legem
562 4396 744 4465 umoqusset,
770 4409 885 4451 necnon
958 4441 964 4452 .

88 4465 885 4535 aummsdoctrincmecancetrccmesseperniciosam

90 4536 265 4609 reipublice
280 4551 339 4608 ,·uc
354 4537 470 4593 demum
486 4552 545 4593 non
561 4538 659 4594 deesse
670 4539 722 4610 qui
734 4536 888 4607 Apollonii

89 4610 270 4683 Aputciique
293 4607 408 4680 magica
428 4607 560 4666 ludibria
586 4608 740 4666 miraculis
773 4608 887 4666 Christi

89 4681 284 4755 preferrent.

54 4771 186 4831 iiomiuo
204 4768 315 4828 eximio
334 4772 362 4826 et
382 4767 489 4826 merito
503 4767 624 4840 insigni,
652 4767 829 4825 charissimo
851 4784 886 4825 ac

90 4857 369 4919 desiderantissimo
380 4857 443 4915 lilio
457 4860 643 4928 unimanus,
658 4863 847 4929 Aucusrrnus,
856 4858 887 4915 in

91 4948 220 5006 ὓοιιιίιιο
232 4946 371 5004 salutem.

91 5036 174 5097 Chi).
190 5037 334 5095 lulittttt.
347 5066 383 5077 -
399 5040 422 5092 l.
440 5034 547 5092 illustri
562 5036 625 5092 viro
638 5040 667 5094 et
682 5035 887 5111 eloquentissi-

56 5143 120 5196 mo,
134 5124 886 5200 nobisquediiectissimoVolusiauo¹,uouampiiua

55 5232 152 5293 quam
167 5214 206 5273 sd
220 5212 294 5272 illud
306 5214 390 5287 quod
402 5214 615 5288 inquirendum
629 5215 754 5288 putavit,
767 5230 887 5287 respou-

55 5303 193 5363 dendum
206 5303 263 5360 luit
278 5320 286 5360 :
302 5303 342 5359 ad
355 5318 390 5359 ea
415 5318 487 5360 vero
499 5319 566 5376 quse
592 5304 664 5360 mihi
678 5303 888 5376 pertractanda

55 5400 149 5468 atque
163 5391 306 5450 solvenda
317 5390 348 5447 in
361 5391 486 5466 epistola
502 5397 552 5449 tua
564 5393 627 5465 ipse
643 5392 758 5459 misisti,
773 5393 833 5448 sive
848 5392 887 5449 ab

88 5504 96 5533 ¹
111 5500 192 5559 aad„
206 5500 261 5565 fllia
281 5498 432 5551 Volusiano.
449 5503 484 5551 nt
502 5501 563 5552 llas.
581 5506 673 5553 carent
690 5516 763 5559 voce,
777 5502 841 5565 iilic.

10 5608 12 5623 ,
87 5566 104 5599 ⁸
117 5563 269 5615 Emmdata
281 5563 315 5613 ad
327 5564 436 5616 eosdem
450 5564 514 5615 Gdd.
528 5580 590 5615 cum
602 5577 708 5622 cxxxvi,
726 5569 753 5615 et
761 5567 890 5631 praeterea

54 5626 92 5683 ati
105 5626 224 5678 aiterum
239 5624 285 5678 bn.
300 5629 327 5677 et
339 5627 487 5679 adsextum
504 5642 529 5678 r.

22 5754 26 5763 ι
89 5691 128 5753 tat
145 5687 217 5740 litas
229 5690 245 5738 tl
258 5702 265 5738 ι
278 5700 339 5755 qna
354 5693 447 5744 autem
472 5691 517 5743 tra
534 5694 600 5750 erat,
617 5705 689 5743 nuuc
712 5690 766 5741 tta.
785 5690 889 5753 Scripta

52 5753 155 5807 eodem
167 5754 297 5819 tempore.

947 1246 1103 1313 peractum
1116 1241 1385 1316 lueritperieratur.
1401 1243 1488 1301 liuita
1501 1245 1581 1301 euim
1593 1251 1673 1311 sunt,
1687 1248 1777 1321 aqui·

945 1330 1003 1386 bus
1017 1345 1125 1388 sensus
1139 1346 1245 1388 eorum
1264 1332 1289 1389 si
1304 1330 1405 1388 adhuc
1421 1331 1562 1389 abhorret
1576 1339 1605 1390 et
1615 1335 1715 1401 resilit,
1732 1337 1778 1394 rei

947 1416 1083 1476 uberiore
1099 1419 1144 1476 vei
1157 1419 1310 1476 subtiliore
1323 1420 1504 1487 ratioue‚vei
1517 1425 1776 1484 certeauctoritate

945 1509 992 1563 cui
1004 1508 1776 1586 resistereindignumputent,persuaderialiquando

944 1594 1067 1653 iorsitan
1081 1597 1206 1669 possint.

980 1689 1006 1741 2.
1023 1685 1134 1758 Ergoiu
1148 1685 1471 1759 epistolatuaposuisti,
1486 1689 1598 1746 morari
1613 1693 1775 1764 quosdam,

944 1788 997 1830 cur
1010 1774 1059 1832 bic
1074 1776 1162 1841 Deus,
1178 1775 1269 1848 quiet
1293 1775 1398 1833 ueteris
1425 1778 1605 1836 Testamenti
1625 1777 1703 1837 Deua
1717 1795 1778 1838 essc

942 1864 1093 1935 firmatur,
1106 1866 1213 1934 spretis
1224 1865 1370 1922 veteribus
1385 1866 1551 1935 sacrificiis,
1563 1867 1727 1927 delectatus
1737 1872 1775 1928 sit

942 1952 1036 2010 novis.
1050 1953 1137 2011 Nittt
1149 1953 1227 2010 enim
1242 1954 1354 2025 carmos·
1363 1970 1449 2025 posse
1460 1962 1608 2023 usserunt,
1625 1958 1685 2014 nisi
1695 1960 1776 2030 quod

942 2048 1013 2098 unte
1027 2058 1086 2098 nen
1101 2049 1180 2099 recte
1188 2042 1307 2112 sactum
1321 2043 1500 2113 probaretur
1510 2066 1522 2115 ,·
1532 2045 1577 2102 net
1589 2047 1670 2117 quod
1687 2047 1774 2105 semet

942 2130 1148 2201 ructetartum
1174 2134 1221 2195 sit.
1251 2132 1426 2189 nuliatenus
1450 2134 1604 2192 immutari
1628 2135 1770 2194 debuisse.

941 2220 1030 2277 Recte
1043 2220 1120 2277 enim
1131 2220 1217 2290 scete
1231 2220 1335 2277 dieunt
1364 2223 1477 2279 mutari
1494 2223 1553 2280 nisi
1577 2224 1685 2295 iniuste
1711 2241 1772 2283 non

939 2321 1034 2379 posse.
1052 2308 1119 2365 Hac
1134 2308 1227 2365 verba
1241 2325 1275 2364 ex
1289 2307 1393 2364 litteris
1410 2309 1506 2367 tuisin
1518 2310 1663 2369 hasmeas
1678 2318 1772 2371 trans

942 2395 1008 2454 tuli.
1028 2395 1142 2463 Quibus
1154 2398 1178 2453 si
1191 2397 1374 2470 respondere
1389 2399 1509 2470 copiose
1535 2398 1635 2467 veiim,
1652 2407 1771 2475 tempus

942 2500 990 2542 me
1005 2485 1091 2543 citius
1106 2502 1199 2558 quam
1212 2486 1350 2558 exempla
1362 2486 1533 2554 defecerint,
1547 2489 1658 2564 quibus
1670 2507 1771 2549 rerum

940 2573 1007 2647 ipsa
1021 2579 1129 2632 natura
1143 2580 1171 2631 et
1185 2590 1277 2648 opera
1292 2576 1438 2643 humana,
1468 2584 1550 2636 certa
1576 2581 1701 2646 ratione,
1716 2596 1770 2654 pro

940 2666 1111 2735 temporum
1138 2665 1359 2736 opportunitate
1395 2670 1557 2733 mutentur,
1583 2683 1638 2725 nec
1670 2672 1772 2728 tarum

939 2751 1046 2809 eadem
1059 2752 1134 2809 ratio
1150 2753 1188 2809 sit
1201 2752 1353 2810 mutabilis
1365 2754 1491 2825 quaista
1505 2760 1671 2816 mutantur.
1689 2760 1771 2817 Unde

939 2856 1039 2915 pauca
1051 2855 1297 2911 commemorem,
1314 2846 1345 2900 ut
1360 2858 1395 2898 ex
1409 2843 1455 2899 his
1468 2845 1596 2902 excitata
1624 2849 1771 2920 quodam-

939 2930 1033 2987 modo
1046 2930 1108 3001 jam
1125 2945 1177 3001 per
1207 2929 1294 3002 plura
1309 2930 1418 2988 similia
1437 2930 1508 3004 vigil
1522 2939 1622 2992 currat
1633 2934 1769 2994 intentio.

939 3019 1042 3076 Nonne
1054 3018 1249 3086 hiemiaestas,
1263 3019 1367 3076 addito
1380 3019 1491 3077 sensim
1501 3020 1608 3087 calore,
1618 3024 1769 3084 succedit?

939 3122 1040 3164 nonne
1055 3106 1169 3163 diurnis
1184 3110 1322 3180 tempora
1335 3114 1482 3165 nocturna
1496 3115 1651 3167 vertuntur
1663 3111 1677 3167 i
1691 3111 1769 3182 Quo·

938 3197 993 3254 ties
1020 3201 1129 3253 nostrae
1154 3196 1305 3254 variantur
1335 3201 1436 3254 oetates
1456 3197 1683 3258 indolescenda
1698 3218 1769 3274 pue·

938 3284 1006 3343 sitia
1020 3299 1082 3342 nou
1095 3284 1226 3343 reditura
1240 3285 1477 3358 cedit;jureutus
1489 3287 1765 3349 adolescentiores

938 3390 1085 3432 mansura
1111 3375 1243 3432 succedit
1258 3391 1266 3444 ;
1282 3375 1390 3432 finiens
1413 3376 1599 3447 juventutem
1628 3386 1766 3437 senectus

939 3468 1035 3520 morte
1050 3464 1160 3520 linitur.
1181 3466 1247 3521 licec
1271 3464 1372 3522 omnia
1386 3470 1549 3536 mutentur,
1565 3483 1620 3525 nec
1635 3475 1768 3528 mutatur

938 3551 1048 3610 divinas
1064 3552 1258 3626 providentias
1271 3553 1355 3619 ratio,
1369 3553 1474 3626 quatit
1489 3559 1521 3612 ut
1535 3556 1590 3614 ista
1606 3564 1766 3618 mutentur.

939 3641 1317 3713 Ncneutem,opiuor,cum
1330 3642 1462 3712 agricola
1475 3646 1664 3703 eastateatiud
1671 3648 1769 3721 jusse-

938 3729 1767 3804 ricqusmjmseratuiemeratiomutaturagriculture.

938 3819 1056 3875 Etcum
1078 3832 1167 3874 mane
1184 3818 1279 3888 surgit
1306 3819 1359 3891 qui
1385 3825 1471 3876 nocte
1496 3821 1682 3894 quiescebat,
1702 3824 1769 3882 vitre

939 3906 1100 3964 consilium
1116 3921 1176 3963 uon
1192 3907 1328 3965 mutavit.
1339 3906 1576 3981 hliudmagister
1588 3911 1769 3971 adolescenti

938 4010 1033 4069 quam
1059 4011 1153 4068 puero
1173 3994 1297 4063 solebat,
1327 3997 1482 4069 imposuit.
1515 4000 1653 4057 Doctrina
1680 4001 1769 4073 igitur

939 4088 1094 4155 constans,
1110 4089 1225 4142 mutato
1241 4091 1391 4159 precepto
1416 4102 1477 4145 nou
1497 4091 1614 4148 mutata
1642 4091 1769 4150 mutarit

938 4172 1177 4230 instructionem.

974 4266 1003 4320 ³.
1021 4265 1094 4319 Nam
1113 4278 1241 4335 magnus
1256 4262 1304 4320 iile
1326 4268 1500 4322 nostrorum
1516 4271 1686 4341 temporum
1706 4285 1767 4326 me·

937 4351 1025 4408 dicus
1052 4352 1255 4420 Vindicianus,
1283 4353 1438 4410 consultus
1465 4355 1643 4428 aquodam,
1670 4357 1767 4414 dolori

938 4457 1003 4512 eJus
1029 4441 1165 4497 adhiberi
1177 4441 1267 4513 jussit
1288 4441 1371 4512 quod
1390 4443 1421 4497 in
1445 4447 1577 4515 tempore
1601 4460 1766 4515 congruere

939 4528 1407 4595 videbatur;adhibitumsanitas
1420 4537 1580 4589 consecute
1590 4536 1643 4589 est.
1658 4533 1767 4591 Deinde

938 4624 1008 4691 post
1024 4633 1120 4674 annos
1144 4617 1258 4690 aliquot
1280 4617 1386 4674 eadem
1401 4635 1505 4676 rursus
1525 4621 1660 4693 corporis
1674 4638 1768 4680 cause

939 4713 1092 4764 commota
1106 4709 1128 4773 ¹,
1152 4706 1210 4762 hoc
1224 4706 1305 4762 idem
1334 4706 1384 4763 ilie
1407 4709 1524 4781 putavit
1538 4710 1742 4769 adhibendum
1758 4729 1765 4780 ;

939 4795 1106 4854 adhibitum
1121 4795 1207 4852 vertit
1220 4796 1250 4851 in
1270 4796 1365 4868 pejus.
1382 4796 1500 4855 iliratus
1518 4801 1643 4858 recurrit
1656 4801 1696 4860 ad
1708 4818 1769 4858 me·

939 4885 1051 4951 dicum,
1069 4883 1183 4941 indicat
1203 4884 1315 4943 iactum
1334 4903 1340 4942 :
1357 4890 1386 4943 at
1406 4885 1453 4943 iile
1470 4892 1501 4945 ut
1515 4895 1578 4945 erat
1595 4892 1766 4953 acerrimus.

938 4975 980 5033 ita
993 4974 1158 5048 respoudit,
1172 4975 1241 5033 Ideo
1254 4976 1331 5033 mute
1346 4983 1486 5047 acceptus
1496 4994 1537 5044 es,
1552 4979 1623 5051 quio
1645 4994 1697 5050 cqc
1712 4994 1769 5035 non

938 5064 1014 5135 iussi
1022 5081 1034 5128 ,·
1049 5068 1080 5120 ut
1092 5079 1199 5120 omnes
1214 5064 1266 5137 qui
1293 5064 1461 5137 audissent,
1489 5082 1659 5140 parumque
1669 5066 1769 5123 homi·

939 5168 1009 5211 uem
1024 5158 1149 5210 nossent
1159 5169 1218 5210 non
1235 5169 1305 5211 eum
1334 5160 1396 5211 arte
1412 5155 1584 5212 medicinali
1597 5154 1698 5228 tidere,
1714 5155 1768 5213 sed

939 5243 1041 5299 nescio
1053 5242 1513 5316 qualilicitapotentiaputareut.
1527 5243 1768 5304 Undecumesaet

939 5346 958 5389 a
986 5331 1172 5405 quibusdam
1201 5337 1307 5405 postea
1335 5331 1526 5404 stupentibus
1553 5332 1766 5405 iuterrogatus,

971 5500 980 5533 ¹
995 5497 1071 5557 llud,
1082 5504 1179 5550 mutato
1193 5503 1320 5563 precepto
1330 5512 1384 5547 nan
1406 5503 1489 5549 mutat
1509 5499 1713 5553 instructionem.
1736 5506 1770 5556 nt

940 5560 1002 5635 ldae.
1021 5561 1121 5626 viginti,
1137 5576 1190 5611 nort
1205 5566 1305 5611 mutata
1321 5561 1430 5611 mutavit
1447 5562 1649 5615 instructionem.
1669 5568 1770 5619 Praetu-

941 5624 1072 5744 luiuilstid.¹
1087 5700 1165 5737 ecura
1175 5689 1311 5736 conmotus
1323 5685 1438 5738 lacellos
1453 5689 1623 5753 reposuimus
1635 5697 1769 5752 commota,

943 5762 976 5800 ex
989 5748 1053 5801 llas.
1065 5749 1111 5815 qui
1126 5750 1207 5814 paulo
1224 5752 1286 5815 post
1301 5750 1431 5802 omittunt
1447 5764 1540 5804 rocem
1554 5754 1707 5809 amusan.
