3952 6128
10 116 12 135 '
81 126 139 183 825

75 251 141 324 jam
157 248 233 306 ratio
247 248 363 306 reddita
383 253 428 309 est
454 249 581 317 homini,
595 254 708 325 quanta
731 248 835 307 debuit
848 247 905 305 ho-

77 342 152 397 uiiui
169 357 176 406 ;
192 340 216 393 si
235 344 334 396 tamen
349 340 393 394 vcl
412 340 502 396 istam
522 341 611 413 capit,
625 342 677 414 qni
692 356 747 413 pro
764 338 811 394 sui
825 336 906 394 arbi·

79 430 123 485 trii
137 429 271 484 libertate
287 427 317 482 in
336 434 424 484 tantae
437 430 619 486 infirmitatis
632 431 771 487 servitute
785 431 905 484 conten·

78 519 121 577 dit
137 534 145 575 ε
161 534 229 574 ecce
249 517 335 573 dictae
360 524 428 574 snut
449 535 557 575 causis.
578 521 621 575 Tu
640 535 721 590 ergo,
737 519 833 592 quies
851 515 904 589 qui

77 608 261 680 respondeas
276 610 334 662 lieo
351 625 358 674 ;
375 608 400 663 si
412 607 516 664 rolens
540 610 617 664 lleus
638 608 794 665 ostendere
816 607 900 667 iram.

78 695 904 769 etdemonstrarepotantiamsuam,quodetmalisbene

59 787 119 843 -uti
134 786 266 858 optimus
279 785 382 857 possit,
399 785 485 841 malis
500 786 648 843 duntaxat
657 801 718 842 non
733 783 903 842 conditione

78 874 267 940 divinasse
296 874 398 930 vitiata
419 874 581 931 voluntatis
607 874 762 948 iniquitate
785 877 902 938 natura,

78 979 148 1036 qum
167 979 185 1019 a
201 964 260 1019 lieo
276 963 428 1019 conditore
443 964 562 1021 condita
576 970 618 1020 est
634 965 725 1031 bona,
738 961 859 1035 pertulit
873 962 903 1018 in

80 1050 176 1109 multa
190 1051 332 1123 patientia
344 1067 417 1109 vasa
431 1052 481 1108 irie
493 1054 637 1125 aptatam
652 1054 803 1109 interitum
819 1069 826 1108 :
843 1066 905 1108 non

79 1140 162 1212 quod
181 1139 222 1195 illi
237 1145 339 1196 essent
355 1143 535 1209 necessaria,
552 1143 614 1198 sive
628 1143 764 1213 angelica
776 1141 837 1197 sive
851 1141 905 1197 bu·

79 1231 710 1300 manapeccata,cuinecJustitiacreaturae
724 1231 903 1303 cujusquam

81 1322 124 1373 est
139 1319 310 1375 necessaria
323 1337 330 1386 ;
344 1320 396 1375 sed
408 1326 439 1375 ut
455 1326 541 1376 notas
550 1320 660 1377 iaceret
673 1320 792 1377 divitias
805 1318 906 1390 glorim

81 1422 141 1462 suae
156 1407 185 1462 in
202 1423 277 1464 vasa
289 1408 510 1475 misericordiae,
527 1425 564 1465 ne
579 1427 610 1465 se
623 1410 751 1466 inbonis
765 1408 907 1480 operibus

79 1499 224 1568 tanquam
240 1496 277 1551 de
298 1498 425 1569 propriis
447 1499 620 1555 extollerent
637 1499 760 1567 viribus,
782 1498 835 1554 sed
854 1497 908 1552 hu·

80 1583 188 1640 militer
197 1584 403 1656 intelligerent,
421 1588 477 1643 nisi
487 1587 542 1644 illis
555 1588 604 1644 liei
619 1590 713 1659 gratia
723 1604 784 1644 non
795 1586 906 1651 debita,

83 1672 137 1728 sed
152 1672 281 1743 gratuita
297 1675 477 1743 subveniret,
491 1677 520 1732 id
536 1676 628 1733 luisse
641 1676 829 1732 reddendum
849 1690 909 1730 me·

82 1761 146 1817 ritis
162 1761 234 1831 suis,
258 1762 341 1835 quod
365 1763 429 1820 aliis
453 1765 483 1820 in
510 1766 616 1821 eadem
636 1782 739 1822 massa
759 1764 910 1821 redditum

79 1850 258 1908 cernerent?

116 1944 160 1996 25.
176 1941 277 1996 Certus
287 1946 331 1999 est
342 1958 413 2011 ergo
425 1944 474 1999 liei
489 1944 685 2015 proeseientioe
699 1943 841 2000 delinitus
856 1958 912 1998 nu·

81 2045 193 2098 merus,
204 2031 400 2088 etmultitudo
410 2034 710 2105 sanctorumquibns
718 2033 911 2104 diligentibus

78 2121 184 2186 Deum,
193 2120 275 2193 quod
287 2122 329 2176 eis
339 2122 911 2194 donavitperdiiiusumincordibuseo-

81 2224 148 2265 rum
162 2208 303 2281 Spiritum
319 2215 468 2275 sanctum,
488 2208 592 2268 oninio'
608 2218 803 2280 cooperantur
817 2215 849 2268 in
868 2211 912 2267 bo·

81 2314 165 2363 num,
192 2298 228 2353 iis
258 2301 307 2370 qui
331 2301 489 2357 secandam
515 2302 694 2372 propesitum
718 2301 808 2357 vocati
829 2307 909 2357 sunt.

84 2387 229 2454 Quoniam
245 2395 391 2460 quoscnte
404 2392 559 2459 praesciant,
575 2398 600 2448 et
610 2391 831 2461 predestinavit
844 2406 912 2447 con·

81 2477 193 2546 {crines
205 2478 270 2545 fieri
280 2479 419 2549 imaginis
433 2480 505 2536 Filii
517 2480 574 2546 sui,
590 2486 622 2535 ut
637 2483 674 2536 sit
692 2481 749 2551 ipse
767 2482 910 2550 primone·

80 2567 161 2622 nitus
174 2568 204 2623 in
216 2568 314 2623 inititis
320 2569 477 2638 fratribus.
486 2571 562 2637 Oreos
572 2576 668 2626 cutem
680 2570 909 2640 predestinavit,

80 2657 150 2712 ilios
162 2662 187 2710 ct
198 2657 328 2713 vocavit:
342 2657 389 2713 hic
401 2658 563 2714 subaudire
576 2659 733 2726 debemus,
746 2661 910 2717 secondum

79 2745 276 2814 propositum.
286 2745 360 2802 Sunt
371 2748 450 2802 enirn
463 2753 491 2801 et
501 2748 549 2803 alii
560 2751 666 2816 vocati,
675 2749 725 2804 sed
736 2765 795 2805 non
805 2748 890 2805 electi
900 2764 908 2815 ;

81 2848 118 2888 ac
132 2848 185 2905 per
194 2832 252 2889 hoc
268 2850 327 2890 non
340 2835 507 2890 secundum
519 2838 705 2909 propositum
716 2838 821 2895 vocati.
835 2841 910 2907 (iiior

80 2927 180 2978 antem
196 2926 310 2980 vocavit
325 2923 392 2994 (hoc
408 2929 452 2979 est
464 2927 625 2982 secandum
636 2927 830 2998 propositum)
840 2928 909 2985 illos

80 3016 108 3067 et
119 3013 295 3082 justificavit
307 3030 315 3067 :
327 3029 399 3084 qnos
414 3020 511 3070 autern
522 3016 708 3086 justificavit,
722 3016 788 3072 illos
806 3023 833 3072 ct
847 3018 910 3086 plo·

80 3100 210 3170 vilicavit
222 3102 313 3172 (Rom.
323 3118 382 3168 vui,
393 3103 496 3173 28-30).
507 3105 538 3159 lli
546 3110 615 3161 suut
623 3105 674 3160 tilii
687 3106 908 3177 promissionis,

80 3188 112 3244 hi
125 3194 194 3245 sunt
205 3189 287 3246 electi
297 3192 349 3263 qui
362 3207 413 3263 per
429 3193 601 3248 electionem
618 3196 719 3261 gratim
734 3193 807 3250 salvi
823 3194 908 3261 liunt,

82 3276 908 3353 ubidictumest:Stantempratia,jnmoonexoperibus‚·

81 3366 214 3438 alioquin
228 3368 325 3438 pratia
338 3372 406 3437 jorn
423 3386 481 3427 non
496 3374 537 3427 est
549 3373 658 3441 pratia.
677 3373 743 3428 llaec
758 3377 827 3428 sunt
837 3389 910 3430 vasa

83 3454 302 3522 misericordia,
319 3458 474 3530 inquibus
493 3460 571 3516 Deus
590 3462 677 3518 etiam
695 3477 748 3534 per
772 3478 846 3519 vasa
860 3461 910 3517 ira

79 3547 168 3599 notas
185 3544 257 3600 iacit
275 3545 392 3602 divitias
405 3548 504 3616 gloriae
520 3566 590 3605 sna.
604 3552 715 3606 tiorum
727 3552 760 3608 lit
777 3566 831 3623 per
846 3552 910 3624 Spi-

78 3632 908 3713 ritumsanctumcornnumetanimauna(dct.rv‚3⁶2),

81 3735 152 3792 quia
167 3720 315 3778 benedicit
330 3724 435 3792 Deum,
452 3731 479 3781 et
501 3742 563 3783 non
587 3728 773 3784 obliviscitur
804 3746 909 3786 omnes

81 3809 291 3867 retributiones
303 3813 378 3884 ejus,
390 3815 440 3885 qni
454 3817 601 3887 propitius
613 3817 910 3890 litomnibusiniqui·

81 3898 193 3954 tatibus
207 3900 292 3972 ejus3
307 3902 357 3974 qui
372 3910 458 3959 sauat
469 3920 575 3960 omnes
589 3905 749 3976 languores
763 3907 845 3979 ejus;
856 3908 907 3980 qui

79 3988 244 4046 redimitde
252 3993 443 4064 corruptione
454 3993 546 4050 vitam
557 3995 622 4066 ejus
635 4013 642 4063 ;
654 3997 704 4068 qui
714 4003 909 4054 coronateam

80 4077 113 4133 in
127 4078 326 4137 misericordia
339 4082 429 4152 (Psoi.
444 4099 490 4147 cu,
510 4088 536 4150 2,
558 4087 598 4153 2),
617 4086 763 4157 quianon
782 4086 910 4143 volentis

79 4181 180 4238 nequa
192 4170 346 4230 currentis.
360 4171 412 4226 sed
429 4172 595 4228 miserentis
610 4178 654 4230 est
669 4174 729 4230 Dei.

116 4256 161 4309 26.
179 4255 279 4312 Caeteri
299 4263 399 4315 autem
417 4260 557 4317 homines
573 4262 612 4317 ad
629 4262 717 4319 istam
735 4265 908 4321 societatem

80 4358 142 4400 non
158 4345 349 4416 pertinentes,
363 4365 494 4421 quorum
508 4357 607 4407 tarncn
620 4357 648 4407 et
661 4353 794 4410 animam
806 4361 833 4410 et
846 4370 910 4410 cor·

81 4447 140 4506 pus
155 4433 521 4509 bethonirasopemtaest‚
537 4445 564 4497 et
578 4441 727 4514 quidquid
739 4443 831 4499 habet
843 4445 910 4517 ipsa

80 4528 192 4579 natura
208 4530 315 4595 practer
338 4527 454 4591 vitium,
480 4530 563 4601 quod
576 4530 673 4586 eidem
688 4531 792 4587 inflixit
808 4548 910 4605 super-

80 4610 188 4667 bientis
201 4613 361 4671 voluntatis
371 4617 509 4684 audacia,
521 4625 642 4690 propter
651 4619 709 4675 hoc
720 4637 738 4675 a
751 4623 809 4676 beo
822 4637 910 4692 pries-

82 4700 177 4757 ciente
196 4703 286 4758 creati
311 4710 391 4773 sunt,
413 4710 444 4761 ut
466 4707 495 4761 in
519 4707 567 4763 his
589 4708 760 4764 ostenderet
780 4708 908 4766 liberum

81 4788 239 4847 desertoris
251 4792 720 4868 arbitriumsinesuagratiaqnid
736 4798 864 4865 valeret;
882 4804 910 4856 et

80 4877 112 4934 in
128 4893 231 4935 eorum
243 4881 331 4952 justis
341 4888 369 4939 et
379 4884 488 4940 debitis
497 4888 593 4956 poenis
605 4902 676 4942 vasa
688 4886 908 4954 misericordiae,

78 4983 149 5040 qum
164 4984 225 5024 non
242 4987 366 5027 suorum
378 4989 504 5045 operum
516 4975 638 5039 meritis,
653 4976 705 5030 sed
716 4977 846 5048 gratuita
860 4978 909 5034 liei

81 5057 177 5127 gratia
190 5064 259 5115 sunt
273 5061 312 5117 ab
325 5061 376 5117 illa
390 5065 578 5120 concretione
590 5065 728 5131 discreta,
752 5066 826 5137 quid
851 5066 909 5123 sibi

80 5146 224 5204 collatum
238 5156 317 5206 esset
327 5152 514 5209 addiscerent
526 5170 533 5219 ;
547 5159 579 5209 ut
590 5170 680 5209 omne
691 5171 724 5210 os
735 5159 911 5212 obstruntur

81 5237 180 5304 (Rom.
192 5254 233 5299 iu,
250 5243 304 5311 te),
320 5247 348 5297 et
358 5241 408 5314 qui
420 5242 573 5312 gloriatur,
587 5245 617 5298 ia
632 5243 760 5299 Domino
769 5243 911 5314 glorietur

82 5326 107 5395 (l
122 5327 181 5382 Cor
195 5343 214 5393 ι,
232 5329 287 5399 31).

120 5415 234 5473 CAPUT
252 5418 318 5474 l'tll.
336 5450 369 5460 -
382 5422 426 5475 27.
441 5421 580 5493 Quisquis
596 5421 680 5477 aliter
693 5421 788 5488 docet,
800 5426 829 5477 ct
849 5436 909 5478 non

81 5506 911 5577 acquiescitsanissermonibusDomininostritesuChri·

85 5594 123 5655 sti
135 5595 276 5669 quidiait,
290 5597 373 5655 Venit
383 5598 478 5657 Filius
487 5599 613 5659 bonrinis
622 5600 911 5677 quarereetratvare

696 118 948 182 Errsronnnttlt
967 120 1113 184 CLASSlS
1134 128 1183 185 111.

1737 126 1801 183 826·-

959 250 1038 319 quod
1050 253 1176 320 perierat
1191 256 1280 329 (Luc.
1296 270 1357 319 xix,
1373 250 1436 326 tol:
1451 266 1514 309 non
1529 250 1608 308 enim
1625 251 1675 321 ait,
1702 252 1790 318 Quod

958 339 1790 415 periturumtuerat,sedquodperierat;quidostendens,

958 427 1013 482 nisi
1025 435 1147 499 peccato
1157 434 1243 505 primi
1252 433 1383 489 hominis
1394 430 1524 487 universi
1535 429 1653 500 generis
1663 430 1790 486 humaui

959 517 1081 587 periisse
1094 523 1325 595 naturarniqui
1347 538 1418 594 crgo
1442 523 1527 577 aliter
1551 521 1649 589 docet,
1676 525 1706 574 et
1728 534 1789 575 non

958 607 1150 677 acquiescens
1161 611 1430 684 eiquoesecundum
1441 610 1582 683 pietatem
1593 614 1637 664 est
1645 607 1789 665 doctrine

957 693 993 765 (ll
1012 696 1083 751 Tine.
1100 714 1138 767 vr,
1155 702 1192 770 3),
1203 706 1307 756 contra
1320 700 1447 771 gratiam
1459 698 1632 763 Salvatoris,
1646 701 1674 752 et
1685 703 1790 753 contra

959 787 1136 854 sanguinem
1151 789 1356 861 Redemptoris
1372 794 1519 860 tanquam
1533 787 1648 844 salvam
1665 790 1694 842 at
1717 784 1788 841 libe·

957 875 1789 942 ramnaturamdeiendihnmanam‚etcbristianotamen

958 965 1073 1021 censeri
1081 968 1227 1023 vocabulo
1239 966 1372 1031 affectat;
1385 966 1459 1039 quid
1472 966 1509 1022 de
1523 964 1715 1037 parvulorum
1728 964 1789 1020 dis·

958 1053 1227 1112 cretionedictnrus
1237 1062 1291 1123 est,
1301 1072 1354 1112 cur
1365 1056 1442 1112 alius
1453 1056 1483 1111 in
1494 1055 1587 1111 vitam
1599 1052 1724 1109 secundi
1736 1053 1790 1108 ho·

960 1143 1048 1197 minis
1066 1152 1245 1212 assumatur,
1271 1146 1347 1202 alius
1370 1147 1399 1201 in
1424 1149 1518 1201 morte
1549 1143 1637 1216 primi
1659 1142 1790 1199 hominis

960 1233 1416 1305 relinquatur?Sidixeritliberi
1426 1232 1539 1289 arbitrii
1551 1234 1655 1288 merita
1666 1247 1791 1302 praeces·

961 1323 1053 1383 sisse;
1069 1324 1230 1395 respondet
1244 1324 1402 1397 Apostolus
1421 1339 1489 1396 quic
1505 1320 1739 1394 supradiximus
1753 1321 1790 1377 de

961 1412 1097 1467 nondum
1111 1413 1195 1482 {iratis
1214 1429 1312 1486 noque
1330 1412 1443 1485 aliquid
1460 1411 1618 1480 agentibus
1646 1409 1717 1465 boni
1739 1414 1792 1465 aut

961 1501 1043 1556 mali.
1061 1502 1088 1558 si
1103 1506 1204 1557 autern
1227 1502 1335 1557 dixerit
1351 1501 1432 1574 quod
1446 1501 1544 1556 adhuc
1559 1500 1589 1554 in
1610 1499 1692 1554 libris
1713 1513 1791 1571 quos

961 1586 1792 1663 nuperrimePelagiuspcrbibetnredidisse,detenditur;

962 1682 1103 1751 quamvis
1115 1680 1179 1751 jam
1193 1679 1331 1735 videatur
1343 1677 1616 1735 anathematizasse
1632 1675 1662 1730 in
1678 1675 1791 1747 episco-

963 1768 1022 1839 pali
1028 1768 1143 1840 judicio
1151 1768 1303 1824 Palaestino
1317 1765 1789 1840 eosquidicuntqnodpeccatum

963 1857 1371 1930 Adaeipsumsolumlaeserit,
1387 1863 1583 1925 etnongenus
1596 1854 1765 1910 humanum
1781 1869 1788 1908 :

964 1947 989 2001 si
1004 1947 1111 2003 dixeris
1127 1947 1215 2003 ambe
1231 1948 1294 2003 sine
1307 1946 1420 2017 judicio
1440 1951 1537 2009 natos,
1554 1959 1609 1998 nec
1624 1940 1737 2015 aliquid
1752 1941 1790 1997 do

964 2036 1053 2109 primi
1068 2035 1200 2092 huminis
1210 2036 1403 2092 damnatione
1417 2036 1541 2091 traxisse
1551 2049 1558 2099 ;
1569 2031 1701 2105 proiecto
1716 2046 1790 2104 quo·

965 2119 1792 2197 niamnegarcnouaudetinregnumcoelorumadoptari

965 2231 1034 2270 eum
1046 2215 1097 2287 qui
1111 2215 1198 2271 fuerit
1207 2220 1399 2284 regeneratus
1414 2214 1444 2268 in
1460 2213 1576 2269 Cluisto
1589 2229 1596 2277 ;
1608 2209 1791 2283 respoudeat

964 2304 1035 2375 quid
1044 2302 1270 2360 deillolntnrum
1283 2302 1387 2375 sit,qui
1397 2301 1479 2358 nulla
1488 2300 1639 2371 snaculpa
1649 2299 1791 2371 nonbap·

964 2388 1791 2464 tizatus‚istalucrittemporalimortepraeventns.Sinon

964 2488 1107 2556 putamus
1124 2498 1190 2538 esse
1214 2482 1365 2537 dicturum
1384 2480 1466 2553 quod
1486 2481 1677 2535 innocentem
1701 2479 1790 2543 Deus,

964 2587 1019 2627 nee
1034 2571 1193 2627 habentem
1209 2570 1352 2642 originale
1368 2575 1526 2643 peccatum
1541 2573 1610 2624 aute
1621 2582 1716 2624 annos
1726 2565 1792 2639 qni-

963 2659 1021 2716 bus
1035 2659 1146 2716 habere
1161 2665 1274 2731 poterat
1289 2660 1455 2731 proprium,
1475 2663 1585 2713 aeterna
1600 2661 1694 2711 morte
1708 2655 1793 2711 dam·

963 2749 1047 2804 nabit
1058 2766 1065 2814 ;
1082 2750 1198 2818 cogitur
1210 2750 1310 2820 itaque
1326 2747 1505 2819 respondere
1517 2745 1598 2818 quod
1610 2743 1748 2815 Pelagius
1761 2745 1791 2799 in

963 2836 1296 2908 ecclesiasticojudicio‚
1309 2836 1447 2906 utaliquo
1457 2834 1547 2889 niodo
1556 2833 1793 2903 catholicuspro-

963 2925 1157 2990 nuntiaretur,
1172 2923 1425 2981 anathematizare
1439 2922 1615 2994 compulsus
1629 2925 1682 2988 est,
1696 2920 1793 2975 inlan-

962 3014 1202 3080 tes‚etiamsinon
1211 3012 1522 3084 baptizentur,habcre
1530 3011 1620 3066 vitam
1628 3013 1770 3065 eternam
1782 3024 1789 3063 τ

962 3103 1106 3160 hncenim
1117 3111 1235 3171 negata,
1245 3103 1380 3175 qnidnisi
1393 3116 1474 3156 mors
1483 3097 1792 3155 oetci·naremanel>it‘l

998 3196 1040 3248 28.
1049 3192 1210 3265 neperlroc
1223 3197 1327 3247 contra
1339 3191 1516 3246 sententiam
1529 3188 1646 3244 Domini
1658 3187 1793 3259 disputa·

962 3281 1005 3338 bit
1019 3282 1154 3347 dicentis,
1169 3283 1273 3338 Petras
1287 3280 1375 3337 vestii
1389 3280 1648 3336 maiiviucoaerunt
1674 3290 1789 3332 manna

961 3372 993 3427 in
1002 3371 1124 3431 deserto,
1139 3378 1166 3427 et
1177 3372 1287 3426 mortni
1298 3376 1384 3426 sitiit:
1399 3369 1497 3425 bicest
1507 3368 1596 3437 panis
1607 3367 1659 3439 qui
1671 3367 1707 3423 de
1719 3366 1791 3422 caelo

962 3462 1121 3526 descendit,
1143 3468 1175 3515 nt
1187 3460 1213 3516 si
1227 3461 1290 3532 qrcis
1303 3474 1340 3515 ea
1350 3461 1413 3528 ipso
1423 3458 1649 3513 manducaverit
1660 3471 1719 3511 non
1732 3469 1793 3509 rne-

961 3552 1083 3621 riotru·;
1098 3565 1157 3606 non
1171 3550 1251 3605 enim
1264 3549 1300 3603 de
1315 3549 1369 3604 ista
1385 3553 1478 3602 niortc
1495 3546 1684 3618 loquebatur,
1697 3559 1791 3616 qnam

962 3655 1084 3695 necesso
1098 3644 1141 3695 est
1156 3639 1307 3711 patiantur
1321 3638 1409 3692 etiam
1423 3636 1475 3709 qui
1486 3636 1522 3691 de
1537 3637 1602 3707 ipso
1618 3650 1696 3705 pane
1709 3647 1793 3688 inan·

962 3729 1073 3784 ducant
1085 3744 1092 3783 ε
1103 3733 1129 3783 et
1144 3727 1234 3799 punio
1246 3730 1323 3798 post,
1333 3727 1438 3793 Arnen,
1452 3725 1609 3780 eiciendico
1620 3723 1711 3787 vobis,
1724 3723 1794 3777 Nisi

961 3817 1212 3875 manducaveritis
1227 3831 1346 3873 carnem
1361 3815 1419 3883 filii
1446 3813 1582 3877 bominis,
1607 3819 1633 3869 et
1662 3811 1792 3867 biberitis

962 3910 1026 3978 ejns
1039 3909 1223 3977 sanquinem,
1240 3922 1300 3961 iton
1310 3905 1451 3961 babebitis
1462 3904 1552 3960 vitam
1566 3902 1596 3957 in
1610 3900 1790 3971 vatidicae.

963 4014 1001 4063 vi,
1014 3997 1059 4060 l9,
1073 3999 1117 4063 50,
1133 3995 1192 4065 5103
1208 3995 1310 4066 utique
1320 3994 1402 4049 illam
1413 3995 1555 4064 qurepost
1568 3990 1647 4046 lianc
1664 3994 1791 4045 mortem

963 4087 1063 4144 futura
1076 4091 1134 4142 est:
1147 4089 1287 4141 etcontra
1299 4082 1470 4154 apostolicae
1479 4081 1562 4136 Sedis
1573 4079 1791 4146 airctoritatem,

962 4174 1010 4231 nbi
1025 4176 1062 4231 de
1077 4176 1132 4230 hac
1147 4175 1212 4246 ipsa
1223 4189 1254 4228 re
1273 4189 1342 4229 cum
1355 4175 1501 4243 ageretur,
1513 4171 1570 4226 lroc
1586 4168 1790 4223 testimonium

963 4264 1132 4320 adhibitum
1153 4269 1197 4319 est
1211 4262 1428 4331 evangelicum,
1443 4274 1479 4314 ne
1493 4257 1607 4330 purvuli
1630 4272 1690 4311 non
1716 4256 1792 4326 bap·

962 4355 1040 4410 tizati
1053 4353 1145 4408 vitam
1159 4367 1243 4424 posse
1260 4350 1371 4406 habere
1388 4347 1548 4403 credantur
1567 4348 1733 4417 (introcant.
1759 4345 1792 4399 in

962 4443 1059 4513 Epist.
1075 4441 1170 4505 lilim.
1180 4443 1208 4509 ὅ)
1221 4457 1229 4493 .·
1242 4437 1479 4508 etcontraipsius
1487 4434 1592 4503 Pelagii
1606 4433 1698 4488 verba
1709 4432 1791 4502 apud

963 4533 1122 4604 episcopos
1134 4545 1152 4584 a
1162 4528 1273 4600 quibus
1286 4525 1473 4588 audiebatur,
1486 4537 1639 4593 expressa,
1653 4520 1705 4576 ubi
1721 4535 1792 4576 ana·

963 4617 1163 4675 thematizavit
1180 4632 1231 4672 eos
1254 4615 1305 4688 qui
1321 4614 1453 4669 dicerent
1466 4612 1594 4667 inlantes
1608 4625 1670 4665 non
1696 4608 1792 4682 bapti·

962 4714 1044 4764 zatos
1062 4705 1174 4762 habere
1194 4706 1284 4760 vitam
1315 4706 1469 4759 aeternam.

998 4799 1041 4852 29.
1054 4794 1141 4862 Quod
1150 4799 1307 4867 propterea
1319 4789 1635 4856 commemoravimus,
1646 4787 1792 4860 quoniam

962 4886 1084 4959 quidem
1095 4884 1176 4956 apud
1190 4898 1254 4945 vos,
1266 4881 1312 4936 vel
1323 4881 1353 4937 in
1362 4886 1458 4936 vestra
1468 4881 1566 4952 potius
1576 4879 1701 4942 civitate,
1715 4878 1739 4930 si
1751 4881 1793 4932 ta·

963 4967 1683 5044 menverumestquodaudivimus,tautaproisto
1693 4979 1792 5020 errore

963 5055 1792 5137 quidumobstinationenituntur,utdicantinciliusesse

966 5160 996 5208 ut
1011 5154 1100 5209 etiarn
1116 5150 1266 5221 Pelagium
1279 5149 1513 5219 deseraulatque
1522 5148 1725 5211 contemnant,
1737 5142 1789 5216 qui

964 5242 1026 5297 haec
1046 5236 1492 5301 sentientesanathematizavit,
1517 5250 1610 5305 quarn
1636 5231 1675 5287 ab
1699 5232 1790 5300 hujns

964 5331 1125 5395 sententiar,
1142 5329 1217 5383 sicut
1236 5328 1415 5390 siscitatur,
1433 5326 1554 5380 veritate
1576 5322 1743 5378 discedant.
1761 5320 1789 5376 Si

963 5413 1441 5487 autemcednutSediapostolicoe,
1453 5414 1498 5469 vel
1510 5412 1608 5485 potius
1616 5410 1670 5483 ipsi
1679 5409 1791 5480 magis-

964 5512 1042 5565 troet
1051 5506 1175 5562 domino
1187 5505 1408 5577 Apostolorum,
1420 5503 1473 5575 qni
1482 5501 1553 5558 dicit
1565 5516 1625 5556 non
1635 5500 1790 5557 habituros

962 5599 1053 5655 vitam
1069 5596 1099 5653 in
1116 5594 1293 5669 semetipsis,
1319 5592 1375 5651 nisi
1401 5590 1648 5650 manducaverint
1668 5603 1789 5646 carnem
