3952 6128
71 122 126 182 ΒΜ
691 124 945 187 epistolissuis
963 124 1108 189 ctassts
1127 126 1178 187 lll.
1733 120 1787 187 822

73 250 131 308 sed
144 266 245 308 aeram
256 247 396 322 gratiam,
410 249 469 308 hoa
481 254 525 309 est
539 250 710 322 gratuitam,
723 253 903 311 conteretur.
958 252 1142 313 setinustsm
1153 253 1344 326 impudenter
1356 251 1502 313 resistitur
1511 249 1788 325 tourmerilispras-

110 341 224 397 CAPUT
239 342 269 395 V.
279 371 313 380 -
330 344 369 397 ta.
389 340 469 397 Unde
484 346 585 398 autem
599 347 844 413 argumententur
854 342 906 399 ad·
957 341 1328 414 uenirigratiaperbibetur
1338 342 1687 417 3quoegratianonessst
1703 338 1727 395 si
1739 354 1787 395 se-

69 429 903 501 versusilpostolumapertissimedicentem.Perunum
957 431 1091 488 cundum
1102 427 1786 507 meritumimputareturiCuredntrasalutem

72 518 222 576 bominem
244 525 398 587 pesculum
420 520 544 575 intrauit
569 521 601 575 in
625 522 821 585 mundanaet
850 536 904 590 per
956 536 1024 592 quae
1040 520 1186 578 missaest
1202 518 1658 597 perditis,qrraerenitindignis,
1674 533 1785 590 quam-

69 611 227 677 peccalum
235 623 325 672 mors,
337 615 362 664 et
373 608 456 663 iluin
467 624 565 665 emises
577 609 707 666 tornines
716 609 901 678 pertransiit.
954 608 1026 666 libet
1040 615 1139 677 aetite,
1165 610 1332 683 quamlibet
1346 611 1469 683 eopiosa
1493 614 1522 665 et
1541 611 1657 673 ornata,
1674 605 1784 663 mirum

68 698 103 753 in
119 713 177 768 quo
200 713 299 754 coines
312 704 508 765 peccauerunt
531 698 625 767 (Hom.
653 715 680 762 v,
702 699 757 767 42),
769 698 902 755 dicentes
955 702 1054 754 lamen
1071 698 1095 752 si
1108 699 1272 754 christiana
1287 698 1489 770 disputatione
1503 694 1721 754 contenditur?

69 787 161 843 etiam
175 786 317 859 purvulos
333 788 454 858 propria
466 802 520 857 per
534 788 661 843 liberum
678 787 834 844 arbitrium
849 786 900 845 hs·
989 786 1105 843 CAPUT
1127 786 1170 842 Vl.
1193 818 1228 827 —
1246 791 1287 843 lt.
1309 786 1366 843 Sed
1381 785 1538 859 quomodo,
1556 783 1705 857 inquiunt,
1721 797 1782 837 non

68 873 140 931 bere
161 882 294 947 peccate,
312 875 400 931 laedet
423 875 584 940 attendere,
601 875 742 948 pigetque
758 876 899 947 prolerre,
952 883 994 933 cst
1018 877 1160 948 iniquitas
1185 877 1270 947 opud
1284 877 1386 947 Deum,
1407 875 1433 931 st
1459 873 1610 944 (illinenda
1638 870 1781 928 discernit

67 964 121 1020 sed
135 964 232 1035 megis
251 963 457 1037 compellimur
471 963 579 1021 dicere.
595 964 681 1030 Quod
702 966 781 1021 enim
797 970 900 1037 polue-
950 967 1134 1037 qrsesmeis'tu
1145 966 1361 1036 operimentis
1373 961 1616 1023 ducernusztilte
1626 960 1779 1018 nobishoc

66 1058 138 1110 runt
154 1069 267 1124 magna
281 1059 310 1109 et
325 1059 413 1109 acuta
426 1052 548 1124 ingenia
564 1055 769 1123 cogitassent
789 1055 898 1126 inopiae
951 1056 1058 1113 dicitur
1074 1060 1219 1129 tanquam
1229 1057 1261 1113 id
1274 1054 1574 1129 Apostoluaipsenon
1590 1050 1705 1119 viderit,
1717 1064 1779 1106 non

66 1148 113 1197 est
128 1142 254 1198 tacendo
281 1142 385 1208 vitare,
403 1148 454 1198 aut
470 1142 651 1213 arrogantis
677 1144 898 1200 contemnendo
950 1146 1149 1217 proposuerit,
1164 1161 1225 1201 non
1238 1145 1434 1216 responderit.
1449 1142 1529 1200 Vidit
1541 1142 1643 1216 utique
1656 1138 1729 1213 quid
1744 1137 1780 1197 iis

65 1230 227 1301 praeterire.
240 1231 328 1295 Eece,
346 1231 495 1303 inquiunt,
507 1232 589 1289 Esau
604 1237 630 1287 et
640 1233 732 1288 Jacob
744 1232 826 1289 intro
843 1235 897 1289 uis·
951 1234 1058 1291 auditis
1079 1234 1214 1291 humone
1235 1238 1339 1307 posset
1356 1232 1515 1291 iufirmitas
1541 1231 1586 1288 vel
1611 1227 1779 1302 ignorantie

65 1334 135 1376 cero
155 1327 288 1376 niuternu
316 1322 480 1385 luctantur,
495 1327 523 1376 es
539 1321 610 1376 ditm
626 1328 802 1386 noscuntur,
818 1323 897 1379 ulter
948 1323 1091 1394 cogitare,
1101 1329 1129 1379 ct
1143 1323 1283 1382 eamdem
1298 1321 1495 1396 questionem
1508 1321 1565 1378 sibi
1587 1320 1650 1393 ipse
1667 1332 1779 1391 prepo-

63 1410 283 1478 supplantatur
299 1411 337 1466 ob
353 1411 458 1475 attero,
473 1416 561 1481 atque
575 1411 607 1466 in
617 1411 692 1480 peste
703 1411 896 1479 pssccectesstis
949 1428 1033 1477 nens,
1053 1412 1130 1480 Quid
1152 1428 1222 1482 erqo
1243 1412 1373 1469 dicemus
1397 1410 1411 1465 t
1439 1410 1544 1483 inquit,
1561 1407 1708 1480 numquid
1722 1405 1778 1463 ini·

62 1512 157 1553 manu
175 1499 183 1534 ¹
201 1502 404 1570 consequentis
420 1506 446 1554 et
466 1500 591 1555 tenentis
616 1499 747 1568 inventu,
763 1515 897 1569 perseve-
948 1501 1046 1573 quitos
1057 1501 1141 1569 opud
1156 1499 1271 1557 Deuca?
1282 1500 1428 1557 Continuo
1439 1498 1604 1570 respondit,
1619 1496 1710 1553 Absit.
1723 1497 1779 1550 lla.

62 1587 359 1657 rasisquodcmmodn
367 1587 444 1643 tucio
456 1589 656 1643 reviviscitur.
666 1587 814 1654 Quomodo
825 1603 895 1658 eruo
948 1589 1121 1662 lienemque
1135 1588 1263 1644 reddens
1282 1603 1335 1644 cur
1355 1587 1442 1654 absit,
1457 1586 1486 1643 id
1506 1590 1572 1653 esl;
1596 1601 1647 1642 cur
1663 1598 1724 1641 non
1740 1583 1779 1640 sit

60 1677 94 1731 ia
109 1676 274 1746 insontibus
290 1676 528 1746 decancantes,
543 1677 661 1731 nuttam
677 1682 719 1733 est
736 1675 781 1731 uel
795 1677 836 1733 ad
848 1678 895 1733 bo·
949 1677 1091 1750 iniquitas
1113 1677 1196 1750 apud
1221 1676 1326 1743 Deum,
1343 1691 1404 1733 non
1426 1675 1476 1743 eit,
1503 1674 1602 1733 lterita
1625 1673 1706 1730 enim
1729 1670 1777 1728 vel

61 1780 135 1821 oum
151 1765 196 1821 net
207 1765 248 1821 ud
266 1767 379 1821 motum
394 1766 525 1834 propriso
545 1766 704 1822 voluntatis
723 1766 895 1844 mliitrs'em,
948 1761 1777 1839 operajndieatetiamparvulorum,etiamsiedhucsint

62 1854 144 1911 unde
156 1855 279 1923 premia
301 1856 360 1912 sive
375 1855 523 1925 supplicio
536 1854 650 1911 maritis
662 1854 896 1924 precedentibus
947 1857 977 1913 in
998 1863 1132 1914 materno
1148 1861 1231 1913 utero
1252 1855 1406 1912 constituti
1423 1871 1428 1911 :
1445 1852 1601 1928 quomodo
1616 1853 1697 1909 enim
1717 1851 1775 1908 hoc

60 1943 285 2014 subsequantur·
300 1942 314 1998 t

98 2032 142 2087 ti.
160 2032 202 2087 sd
215 2032 272 2088 hoc
288 2049 343 2088 nos
359 2032 497 2100 dicimus,
513 2033 579 2089 ideo
594 2037 694 2089 motus
707 2032 774 2091 illos
788 2039 816 2091 et
833 2039 894 2091 tnn-

60 2136 155 2194 quem
170 2121 298 2191 litigium
317 2123 512 2194 parvulorum
534 2123 655 2192 signum
683 2138 782 2179 rerum
802 2123 894 2180 fuisse

60 2215 333 2283 magnarumquia
344 2211 464 2268 nonfuit
473 2211 695 2278 arbitrinrn,sed
708 2212 891 2282 prodigium.

62 2301 166 2371 Neque
181 2299 261 2355 enim
277 2299 376 2355 daturi
391 2316 496 2356 sumus
514 2305 543 2356 et
563 2301 654 2357 asinis
669 2299 797 2357 liberum
812 2301 894 2357 arbi·

60 2388 152 2443 trium
173 2388 345 2454 voluntatis,
361 2390 507 2460 quoniam
529 2389 618 2459 hujus
640 2389 757 2457 generis
774 2389 892 2459 jumen-

58 2481 135 2541 tum,
153 2477 231 2532 sicut
255 2477 398 2549 seriptum
416 2484 473 2541 est,
489 2477 646 2549 satjnqute
667 2480 731 2533 sina
745 2493 822 2543 voce,
839 2478 892 2535 liu-

57 2566 148 2621 nn'm's
164 2581 232 2622 uoce
247 2567 427 2635 respondens
443 2569 534 2623 vetuit
547 2567 700 2636 propbeta
713 2567 890 2626 clausentiam

57 2654 94 2724 (ll
107 2656 191 2711 Petr.
204 2670 235 2724 u,
259 2656 312 2726 lli).
328 2657 360 2710 lli
384 2662 485 2712 autem
499 2656 550 2729 qui
568 2656 640 2711 tales
660 2670 721 2711 non
741 2657 890 2727 prodigio·

56 2760 109 2799 sos
122 2751 231 2810 motus,
246 2743 298 2800 sed
313 2744 499 2800 voluntarios
515 2749 608 2810 actus,
625 2761 680 2800 nec
694 2745 731 2800 de
747 2747 889 2816 parvulis,

56 2832 111 2887 ssd
121 2847 139 2888 a
149 2832 281 2904 parvulis
293 2833 386 2889 laetos
397 2850 461 2889 csse
472 2834 666 2899 contendunt,
681 2836 733 2907 qui
746 2836 890 2908 apostolo

55 2923 234 2994 responsuri
247 2928 326 2987 sunt,
341 2923 393 2996 qui
405 2940 473 2979 cum
488 2929 516 2979 et
529 2924 584 2979 bos
597 2924 732 2994 geminos
745 2926 783 2981 ad
799 2925 891 2982 docu-

56 3016 194 3067 mentum
210 3011 347 3080 grntuitse
359 3012 754 3081 gratioecommeniorandos
766 3014 888 3080 videret,

56 3100 200 3157 Nondum
215 3103 291 3157 enim
309 3103 398 3165 siclis,
414 3101 521 3173 inqiut,
535 3118 589 3157 uec
601 3103 719 3173 aliquid
733 3104 889 3174 coctilibus

60 3187 131 3243 boni
143 3194 195 3243 usit
209 3189 292 3252 rituti,
305 3195 337 3242 ut
350 3189 511 3245 sceleratum
521 3190 690 3246 electionem
703 3194 888 3260 propositum

57 3277 115 3332 Dei
129 3284 272 3342 esurierat,
287 3294 346 3333 nois
365 3293 402 3333 ec
421 3279 558 3345 operibus
574 3282 624 3334 sed
645 3294 682 3335 ex
695 3286 817 3337 coeunte
829 3281 890 3338 dic·

58 3371 122 3421 turn
133 3373 183 3431 est,
195 3367 270 3432 (luia
281 3369 380 3437 sricjos·
390 3368 496 3423 serviet
504 3368 716 3439 inicorifflnm.
724 3386 762 3436 rx,
773 3371 861 3441 illd)
875 3370 889 3425 t

57 3454 168 3510 deinde
193 3455 363 3526 adjungens
387 3457 592 3512 testimonium
619 3458 772 3529 prophelse
799 3459 888 3531 longe

56 3549 128 3616 post
139 3545 261 3617 quidem
275 3547 330 3602 ista
344 3547 479 3607 dicentis,
492 3546 543 3601 sed
558 3551 659 3602 tumen
673 3547 711 3602 de
725 3548 782 3603 hnc
793 3565 823 3605 re
836 3566 888 3606 an·

56 3635 177 3706 tiquum
194 3635 244 3690 liei
257 3634 417 3690 consilium
432 3635 624 3700 (lectorarius,
641 3637 725 3692 Sicut
743 3639 887 3707 scriptum

56 3728 111 3786 est,
127 3723 233 3794 inquit,
248 3723 340 3780 Jacob
364 3724 467 3789 dilexi,
484 3725 565 3780 Esou
585 3733 682 3781 cutem
704 3726 770 3782 edic
795 3727 888 3784 budrii

56 3811 203 3882 (Malunt.
218 3829 236 3878 r,
252 3816 279 3882 2,
295 3814 333 3883 3).

96 3901 258 3971 itidemne
271 3903 376 3956 Doctor
385 3900 521 3957 Gentium
533 3901 561 3957 in
573 3901 632 3957 tide
642 3906 670 3958 et
680 3902 801 3959 veritate
812 3903 885 3960 istos

55 3988 195 4059 geminos
215 3991 351 4046 nondum
367 3997 453 4046 natos
466 3991 539 4046 niliil
554 3991 624 4046 boni
639 3998 690 4047 eut
705 3991 774 4047 mall
790 3994 886 4063 egisse

55 4084 191 4145 testatur,
210 4085 240 4133 ut
254 4080 350 4151 gretia
365 4079 592 4136 commendetur
607 4097 614 4145 ;
629 4085 660 4137 ul
674 4082 756 4153 quod
772 4082 884 4139 dictum

55 4172 111 4231 est,
127 4168 229 4237 Major
240 4170 347 4225 seruiet
362 4170 481 4233 nii'nois',
496 4184 557 4224 non
568 4186 604 4225 ex
618 4170 769 4241 operibus,
786 4171 837 4226 sed
848 4187 885 4228 ex

54 4262 184 4312 vocante
199 4256 311 4313 dictum
331 4258 524 4326 intelligatur,
540 4263 571 4313 ut
585 4259 752 4315 secundum
766 4261 885 4317 electio-

53 4359 124 4401 nem
141 4346 329 4416 propositum
344 4347 391 4400 lici
409 4351 552 4413 maneret,
565 4362 624 4402 non
637 4349 776 4404 meritum
789 4349 884 4405 bomi-

53 4433 103 4489 nis
116 4433 251 4490 anteiret.
268 4436 330 4490 Nou
346 4435 425 4490 enim
441 4435 513 4489 dicit
531 4435 704 4492 electionem
720 4435 882 4494 voluntatis

52 4522 199 4579 humanm
215 4524 277 4578 sive
302 4528 427 4586 neturae,
448 4540 517 4579 cum
531 4541 587 4596 pur
611 4531 688 4583 esset
702 4527 731 4582 in
757 4532 882 4600 utroque

52 4611 883 4686 mortisdnmnationisqueconditio;sedelaetionempro-

52 4698 103 4755 cul
116 4699 208 4755 dubio
223 4700 334 4770 grane.
352 4717 420 4773 qum
441 4718 501 4757 non
520 4703 633 4758 invenlt
647 4703 809 4773 eligendos,
828 4704 881 4761 sed

51 4787 135 4857 iacit,
149 4787 186 4844 de
201 4806 263 4861 que
276 4796 304 4846 et
326 4791 356 4845 in
376 4791 629 4863 consequentibus
645 4791 780 4863 ejusdem
801 4795 881 4866 Epis·

51 4876 122 4931 tolia
136 4875 261 4948 loquens
276 4879 316 4933 ait
330 4895 335 4933 :
351 4878 399 4934 Sic
414 4896 483 4949 erqo
498 4887 525 4935 et
542 4881 571 4934 in
589 4880 642 4935 linc
657 4888 796 4948 turmore,
813 4885 881 4941 reti·

49 4967 131 5038 quim
147 4981 199 5038 per
225 4967 393 5023 electionem
413 4969 520 5039 arctim
535 4970 627 5024 sulum
645 4971 736 5039 soclus
757 4976 836 5027 ausit.
849 4973 881 5029 Si

48 5059 150 5111 utitem
164 5056 273 5126 oratic.
287 5059 351 5127 jam
368 5072 428 5111 ison
443 5058 627 5127 assistoribus
641 5060 793 5131 ,elloquio
812 5078 881 5133 yru-

48 5145 166 5213 ticjom
180 5159 239 5200 non
253 5152 294 5200 est
305 5146 406 5214 qratia
418 5148 511 5215 (Ruris.
530 5164 568 5211 ri,
578 5152 603 5207 5.
616 5152 655 5213 6).
670 5149 721 5205 Cui
734 5150 880 5209 lucosetis

44 5233 880 5309 locusisleconcordat,ubicomineinoratur‚1ionerone·

45 5321 143 5385 ribus,
153 5322 205 5378 sed
215 5339 251 5378 ex
263 5323 507 5380 vocantedictum
520 5342 595 5391 csse,
604 5327 879 5397 Majorsesus'slmi-

45 5410 128 5466 steri.
138 5409 325 5480 thuidergo
336 5413 563 5482 piacularissimo
574 5415 676 5483 gratias
688 5418 880 5474 commenda-

45 5499 106 5557 tori
114 5498 152 5555 de
162 5499 311 5556 inlenture
322 5499 414 5558 libero
426 5503 581 5561 arbitrioet
591 5502 728 5560 nondum
739 5511 878 5564 natorum

80 5654 88 5681 ¹
104 5649 146 5699 Sic
162 5650 210 5700 Me.
227 5650 312 5700 Valle.
331 5652 451 5715 [moniis]

947 1946 1066 2012 diceret,
1082 1946 1134 2019 qui
1141 1944 1206 2017 jam
1220 1945 1336 2002 dixerat
1348 1942 1385 2001 de
1399 1943 1535 2001 nondum
1546 1942 1634 2009 natis,
1647 1940 1722 1999 etde
1736 1940 1773 1996 iis

946 2036 998 2109 qui
1013 2035 1083 2092 nibil
1099 2035 1199 2092 adhuc
1219 2038 1342 2104 egerant
1357 2033 1430 2090 boni
1453 2033 1500 2088 vel
1515 2031 1598 2097 mali,
1613 2029 1698 2104 quod
1711 2045 1772 2087 uon

946 2125 1144 2195 exoperibus,
1159 2124 1209 2181 sed
1223 2140 1261 2182 ex
1273 2123 1521 2182 vocantedictum
1536 2122 1583 2188 sil,
1600 2122 1700 2193 Major
1712 2134 1771 2177 ser-

947 2216 1002 2273 uiet
1027 2213 1165 2271 nituerit
1180 2213 1233 2269 sed
1251 2230 1320 2270 cum
1336 2211 1423 2269 vellet
1445 2211 1600 2269 ostendere
1623 2225 1676 2267 cnr
1691 2210 1721 2266 in
1736 2209 1772 2264 iis

945 2320 1005 2360 non
1023 2305 1059 2360 sit
1072 2303 1213 2376 iniquitas
1229 2301 1310 2375 apud
1327 2304 1430 2371 ileum,
1447 2300 1498 2366 eil.
1515 2300 1611 2370 Moysi
1625 2300 1703 2356 enim
1726 2299 1772 2354 iss·

945 2395 1018 2465 quit,
1035 2392 1195 2449 Miser-ebor
1209 2392 1259 2448 cui
1268 2392 1404 2446 misertas
1417 2406 1477 2455 ero,
1494 2395 1521 2447 et
1539 2388 1771 2447 misericordiam

944 2483 1091 2553 praestato
1100 2482 1148 2538 cui
1160 2481 1328 2538 misess'coss
1336 2479 1435 2548 suero.
1446 2478 1522 2545 Ouid
1534 2494 1588 2534 nos
1597 2478 1644 2534 hic
1658 2476 1770 2544 docuit,

944 2574 1000 2628 nisi
1018 2588 1054 2627 ex
1068 2570 1120 2627 illa
1134 2585 1236 2625 massa
1249 2568 1337 2641 primi
1352 2567 1496 2636 hominis,
1509 2567 1557 2623 cui
1571 2567 1675 2623 merito
1688 2582 1771 2623 mors

943 2661 1079 2725 debetur,
1094 2675 1155 2717 non
1178 2658 1216 2716 ad
1233 2658 1337 2714 merita
1348 2657 1518 2723 hominum,
1533 2656 1584 2712 sed
1597 2656 1636 2712 ad
1653 2654 1704 2712 liei
1718 2657 1773 2713 mi·

944 2748 1138 2807 sericcrdinm
1154 2747 1299 2820 pertinere
1313 2745 1395 2818 quod
1410 2746 1539 2818 quisque
1554 2744 1696 2802 liberatur
1710 2761 1717 2800 :
1730 2750 1773 2802 ut-

943 2856 1002 2912 que
1015 2839 1056 2894 ite
1073 2853 1134 2893 non
1150 2852 1214 2893 csse
1240 2835 1431 2907 iniquitatem
1453 2834 1534 2907 apud
1559 2836 1654 2891 Deum
1670 2853 1677 2903 ;
1697 2836 1771 2906 quie

943 2944 1042 3000 neque
1054 2925 1233 2982 remittendo
1255 2926 1275 2989 ¹,
1291 2936 1390 2996 nequa
1409 2923 1556 2993 exigendo
1571 2923 1654 2994 quod
1680 2924 1771 2980 debe·

943 3020 1001 3082 tur,
1015 3015 1144 3086 injustus
1154 3019 1198 3070 est
1212 3013 1226 3068 l
1238 3014 1281 3069 lbi
1291 3013 1373 3069 anim
1388 3011 1503 3084 gralia¹
1518 3011 1769 3082 estindulgentia,

944 3104 995 3161 ubi
1008 3105 1089 3174 justa
1108 3106 1210 3174 posset
1231 3118 1293 3159 esse
1308 3101 1450 3158 vindicta.
1471 3103 1505 3157 Et
1518 3099 1588 3157 binc
1601 3098 1768 3156 evidentius

943 3198 1221 3266 apparebamus
1241 3191 1342 3248 debita
1365 3190 1490 3249 liberato
1507 3193 1534 3245 et
1557 3188 1649 3260 gratis
1662 3188 1769 3261 justiti·

942 3289 1008 3340 cato
1041 3288 1190 3355 quantum
1218 3279 1357 3337 beneficii
1383 3278 1553 3337 conteretur
1578 3277 1661 3351 quod
1694 3277 1768 3334 alter

942 3371 1095 3445 aequaliter
1115 3387 1183 3427 reus
1203 3371 1267 3427 sine
1286 3369 1436 3442 punientis
1452 3367 1618 3441 iniquitate,
1634 3366 1768 3438 punitur.

980 3466 1021 3517 li.
1038 3460 1170 3532 Denique
1184 3458 1339 3530 subjungit
1349 3460 1377 3513 et
1387 3456 1468 3523 dicit,
1481 3456 1580 3526 luitur
1591 3471 1652 3512 non
1663 3455 1768 3513 mentis

941 3566 1035 3622 neque
1049 3548 1203 3612 clorensis,
1218 3550 1269 3605 sest
1283 3546 1448 3605 miserentis
1462 3552 1503 3604 est
1517 3545 1571 3600 Dct
1583 3565 1593 3602 .·
1607 3545 1664 3601 lroc
1679 3560 1769 3617 prop·

941 3645 984 3697 ter
999 3656 1051 3695 cos
1064 3638 1177 3694 dictum
1189 3643 1241 3704 est,
1258 3638 1308 3709 qui
1323 3652 1375 3709 per
1390 3635 1518 3705 gratiam
1531 3633 1646 3691 liberati
1658 3632 1769 3703 justili-

941 3732 1055 3785 centur.
1072 3727 1194 3798 Propter
1209 3742 1260 3781 eos
1278 3729 1378 3782 autem
1394 3738 1484 3795 super
1498 3739 1575 3796 quoa
1587 3723 1631 3778 ira
1641 3723 1690 3776 Dei
1705 3737 1769 3781 me·

940 3823 999 3882 net,
1016 3816 1087 3888 quia
1109 3820 1136 3870 el
1159 3814 1231 3886 ipsis
1255 3815 1332 3869 Deus
1355 3811 1432 3867 bena
1448 3811 1538 3867 utitur
1559 3810 1598 3867 ad
1612 3809 1768 3866 docendos

940 3906 1014 3962 alios
1028 3921 1105 3978 quos
1119 3903 1243 3960 liberare
1260 3902 1411 3975 dignatur,
1432 3899 1587 3971 subjunxit
1600 3903 1690 3971 atque
1702 3897 1764 3953 ait:

939 3996 1017 4051 Dicit
1042 3995 1120 4050 enim
1143 3992 1300 4061 Scriptura
1325 3989 1492 4057 Pharaoni,
1511 3987 1586 4055 Ouio
1610 3987 1650 4045 ad
1669 3986 1765 4045 tecte

939 4083 1124 4147 excitarint
1139 4080 1289 4139 ostendam
1303 4080 1335 4135 isi
1354 4087 1382 4135 te
1396 4079 1557 4148 polentiam
1573 4091 1677 4139 maora,
1691 4080 1718 4131 et
1733 4080 1765 4132 ut

939 4171 1351 4230 unsruntieturnomenmeum
1364 4168 1396 4225 in
1407 4168 1644 4225 universatem.
1655 4164 1764 4221 Deinde

938 4261 977 4317 ad
992 4266 1151 4333 utrumque
1167 4258 1360 4327 concludens,
1375 4257 1465 4327 Esco,
1479 4254 1585 4328 inquil,
1600 4254 1686 4324 cujus
1701 4251 1763 4309 vult

936 4351 1104 4415 miseretur,
1114 4356 1141 4405 et
1149 4365 1234 4420 qssem
1247 4349 1310 4406 vult
1324 4347 1471 4415 obdurot5
1485 4342 1615 4416 prolecto
1624 4345 1764 4397 neutrum

938 4439 1039 4511 alique
1054 4438 1216 4510 iniquitate,
1231 4436 1283 4491 sed
1295 4440 1455 4506 utriumque
1464 4429 1665 4489 misericordia
1676 4434 1704 4484 et
1717 4444 1763 4484 ve·

936 4529 1032 4584 ritate.
1050 4530 1081 4582 Et
1094 4527 1193 4582 adhuc
1209 4531 1308 4581 tamen
1323 4522 1423 4579 audax
1447 4523 1582 4576 movetur
1595 4517 1764 4583 infirmitas,

936 4632 1040 4672 eorum
1061 4614 1172 4670 scilicet
1189 4613 1240 4685 qui
1268 4610 1433 4667 secundum
1460 4608 1647 4679 coiijecturas
1666 4605 1765 4662 cordis

935 4703 1061 4761 hnmani
1076 4701 1301 4759 inscrutabilem
1317 4698 1504 4757 altitudinem
1519 4696 1699 4769 judiciorum
1715 4695 1765 4752 Dei

934 4793 1064 4863 cogitare
1078 4796 1226 4849 conantur
1241 4790 1247 4846 l

971 4883 1015 4939 18.
1031 4883 1111 4939 llunc
1127 4880 1325 4955 quaestionem
1339 4878 1393 4935 sibi
1408 4893 1445 4934 ex
1460 4877 1588 4934 adverso
1604 4890 1762 4948 opponens

935 4972 1093 5044 briostelus
1108 4971 1148 5028 ait
1164 4989 1170 5027 ε
1185 4970 1266 5027 Dicis
1279 4969 1379 5040 itaque
1392 4968 1475 5034 scitii,
1492 4966 1569 5036 Quid
1581 4966 1681 5023 adbuc
1693 4978 1761 5018 con·

935 5063 1072 5133 queritur
1085 5063 1097 5118 t
1109 5076 1180 5117 nuso
1195 5058 1345 5118 uoluntati
1361 5061 1425 5129 ejus
1440 5060 1505 5129 quis
1522 5054 1630 5112 resistit
1645 5052 1659 5104 i
1672 5050 1761 5109 Nobis

933 5150 991 5207 hoc
1006 5150 1120 5206 dictum
1136 5154 1285 5222 putemus.
1299 5148 1375 5214 Quid
1390 5162 1461 5216 ergo
1473 5144 1555 5202 aliud
1569 5158 1662 5213 quam
1678 5141 1762 5213 quod

934 5239 1090 5311 respondit
1104 5239 1274 5310 Apostolus,
1290 5235 1472 5308 respondere
1484 5230 1658 5303 debemus?
1673 5235 1725 5288 aut
1736 5229 1761 5286 si

935 5334 963 5384 et
977 5345 1032 5384 nos
1048 5328 1118 5383 talin
1134 5334 1264 5398 mouent,
1280 5325 1394 5399 quisset
1413 5340 1469 5381 nos
1489 5321 1628 5379 homines
1642 5336 1759 5387 sumus,

965 5474 972 5503 ¹
988 5469 1065 5527 Edd.¹
1077 5485 1156 5535 sieque
1165 5468 1342 5534 permittendo.
1353 5468 1387 5518 ill
1397 5466 1465 5515 nlter
1475 5480 1488 5514 e
1498 5463 1580 5514 Vatia.
1591 5463 1670 5519 Mes„
1681 5476 1762 5535 nequa

933 5533 1086 5583 remittendo
1102 5547 1110 5584 :
1125 5547 1207 5598 quem
1225 5531 1367 5581 lectionem
1381 5530 1444 5579 ιον.
1465 5525 1632 5591 conjiciendo
1644 5527 1760 5576 assecuti

935 5599 1052 5708 eriliiad.
1070 5658 1129 5706 am.
1145 5655 1341 5713 bulionensis,
1356 5657 1440 5720 orote.
