3952 6128
63 293 103 337 ιιε
122 275 230 336 rotatis
244 284 372 346 aterna,
397 292 466 337 oum
489 280 603 338 caeteris
621 280 893 340 innumerabilibus

49 368 216 426 'conservis
232 368 306 425 meis
319 386 397 426 sum.
413 369 497 437 Quod
513 370 538 426 si
556 370 658 429 volens
672 370 758 438 lacto,
783 385 891 427 merce·

62 455 132 514 dem
151 456 249 514 babeo
265 457 312 514 :si
326 462 426 515 autem
440 459 558 524 invitus,
575 463 690 517 tantum
705 459 890 534 dispensatio

61 546 136 604 mihi
147 544 260 604 credita
275 553 319 603 est
335 565 341 615 ;
356 563 453 621 nequa
469 549 624 605 animasse
634 547 892 606 salutiailliusdis·

62 640 314 710 pensatoremper
323 635 448 693 verbum
458 652 493 694 uc
505 638 741 705 Sacramentum,
752 639 817 711 jam
831 638 890 695 boc

63 728 108 782 est
122 722 213 782 etiam
229 740 296 781 esse
316 725 501 798 participem.
518 729 593 784 Nam
609 727 633 783 si
647 743 701 801 per
715 726 813 784 bonos
828 742 889 784 non

62 812 299 885 dispensaretur,
322 829 382 871 non
403 820 481 872 recte
502 814 662 888 Apostolus
685 815 804 873 diceret.
820 815 889 873 lori·

61 905 172 960 totores
184 903 342 961 maiestate
353 905 430 961 sicut
442 911 469 962 ει
483 919 536 976 epo
551 904 662 962 Christi
674 909 696 976 (t
715 905 784 962 Cor.
805 922 843 977 ιν,
860 907 887 976 t,

62 991 120 1065 to).
145 992 260 1049 Rursus
273 991 297 1048 si
312 1008 365 1064 per
377 992 474 1050 malos
494 1008 554 1050 non
574 993 810 1067 dispensaretur,
826 1010 888 1053 non

61 1081 101 1138 de
114 1079 298 1153 quibusdam
311 1081 456 1138 Dominus
471 1082 582 1138 diceret
596 1098 603 1137 :
629 1083 698 1151 (lue
714 1083 828 1150 dicunt,
839 1085 889 1156 so·

61 1169 209 1242 cite5quae
219 1170 452 1238 auternsoetunt,
459 1172 788 1241 focereaotitesdicunt
798 1172 887 1243 enim,

61 1265 89 1316 et
103 1258 417 1332 eonsuetunttllottt.
434 1275 513 1326 xrrrr,
527 1261 566 1331 3).
583 1260 662 1317 ltulti
678 1275 749 1332 crgo
769 1260 889 1333 dispen-

61 1351 178 1405 satores
193 1351 273 1417 sunt,
291 1362 344 1419 per
359 1363 490 1421 quorum
509 1349 704 1407 ministerium
718 1351 889 1422 pervenitur

59 1435 101 1492 ad
112 1439 256 1493 aternam
267 1433 393 1493 salutem
409 1435 630 1509 :sedquaritur
645 1437 721 1493 inter
735 1437 890 1511 dispensa-

60 1528 140 1582 tores
148 1529 180 1581 ut
189 1523 287 1581 tidelis
298 1524 541 1598 quisinveuiatur
551 1525 574 1599 (l
582 1527 649 1583 Cor.
663 1543 703 1594 ra,
715 1526 743 1599 2)
755 1544 763 1594 ;
774 1532 802 1584 ει
813 1527 890 1584 ἰιιιει·

60 1612 142 1686 ipsos
149 1613 264 1677 fideles,
277 1614 448 1686 inquorum
458 1629 506 1673 me
515 1630 641 1672 numero
649 1615 696 1672 ille
704 1616 756 1688 qui
768 1615 889 1673 uonlal·

59 1702 129 1761 titur
139 1706 302 1775 computet,
313 1703 497 1771 aliuaestsic,
512 1704 587 1761 elius
602 1709 703 1762 autem
716 1705 758 1761 sio
769 1705 827 1778 (ld.
838 1721 889 1772 vu,

59 1791 101 1864 7),
122 1791 198 1849 sicut
217 1791 379 1865 unicuique
402 1795 479 1851 Deus
503 1793 628 1866 partitus
652 1798 698 1851 est
716 1809 890 1853 mensuram

59 1877 133 1936 fldei
147 1878 241 1952 (Rom.
255 1894 307 1948 xre,
323 1880 362 1953 ³).

97 1969 125 2026 3.
140 1969 352 2042 ltaque,trater
360 1970 536 2028 charissime
544 1975 633 2044 atque
642 1970 892 2045 dulcissima,pa·

63 2063 127 2116 scat
142 2062 169 2115 te
183 2058 328 2115 Dominus
340 2059 440 2132 potius
459 2060 614 2133 sapientiae
632 2059 767 2127 floribus,
782 2066 811 2119 ει
830 2062 891 2119 viri

63 2147 433 2219 lontishaustibusirriget.
443 2148 550 2223 Siquid
560 2153 723 2223 autem'per
732 2150 890 2223 operulam

62 2251 162 2294 meam
178 2237 405 2308 religiosissimo
417 2238 516 2295 studio
533 2243 585 2295 tuo
600 2238 727 2296 conterri
738 2254 828 2312 posse
841 2254 890 2296 ar·

61 2326 307 2400 bitraris,quiaet
315 2341 458 2398 capacem
470 2333 570 2385 teesse
579 2327 723 2399 intelligo,
733 2327 889 2385 etavidum

62 2415 280 2486 centranegis
296 2414 392 2473 inalia
407 2420 511 2474 nostra
522 2416 679 2490 opuscula,
696 2432 764 2491 qnae
786 2417 889 2475 multis

60 2503 261 2561 solaminibus
272 2504 574 2577 comprehenduntur,
588 2505 639 2562 ubi
661 2506 781 2563 animus
792 2505 889 2564 inton-

60 2591 178 2650 dendus
189 2598 243 2662 est,
259 2608 353 2667 quam
366 2608 419 2665 per
432 2593 574 2666 epistolas
583 2593 888 2668 aliquidaperandum

59 2682 141 2756 quod
154 2687 240 2739 tuum
255 2682 438 2740 desiderium
449 2683 543 2755 possit
555 2684 684 2756 explere.
698 2685 839 2741 Autcerte
858 2684 888 2743 in

62 2772 222 2844 praesentia
237 2787 323 2829 sume
337 2773 420 2845 quod
433 2777 549 2844 potero,
565 2789 656 2845 quam
672 2778 698 2829 te
712 2778 785 2844 puto
804 2778 888 2831 tuam

64 2859 152 2917 uobis
163 2860 231 2917 ideo
239 2875 299 2917 non
308 2861 458 2928 exhibere,
471 2861 544 2935 quia
558 2877 618 2918 non
634 2862 678 2917 vis
696 2877 703 2916 :
718 2862 792 2933 quid
807 2863 888 2920 enim

62 2963 210 3022 magnum
226 2953 281 3019 est,
297 2949 457 3022 adjuvante
472 2949 609 3016 Domino,
621 2955 653 3006 ut
667 2949 760 3007 bomo
780 2950 889 3010 libera

60 3037 244 3112 cujusquam
258 3039 313 3097 loci
324 3054 447 3096 munere
462 3038 614 3095 veuiasad
628 3054 694 3105 nos,
708 3041 770 3096 siva
785 3039 889 3097 nobis·

60 3141 131 3184 cum
147 3127 200 3184 diu
224 3127 356 3194 iuturus,
380 3126 444 3184 sive
472 3135 593 3201 peracto
619 3127 727 3185 saltem
754 3128 887 3201 pauxillo

61 3216 204 3288 temporis
214 3215 364 3273 rediturus
380 3216 394 3273 l

95 3304 287 3378 t.Eccepene
298 3304 410 3362 lactum
422 3308 477 3372 est,
491 3305 574 3379 quod
585 3305 614 3361 in
624 3304 760 3379 quinque
783 3321 888 3364 versu·

58 3392 473 3465 umtuorumtertioposuisti‚
482 3395 617 3465 utmagis
628 3393 887 3470 loquacemquam

58 3481 384 3554 eloquentemlraberes
395 3482 552 3555 epistolam
559 3499 670 3541 meam.
688 3484 775 3549 Quod
785 3488 886 3542 autem

56 3571 89 3629 in
95 3570 885 3645 quintoatqueultimoversusepternpedessunt,nes·

58 3658 105 3716 cio
121 3664 221 3716 utrum
237 3674 382 3717 numerus
396 3665 481 3718 tuum
496 3660 597 3718 lelellit
608 3662 756 3730 auditum,
776 3678 816 3720 an
835 3677 886 3721 ex·

57 3748 148 3822 periri
169 3749 289 3806 voluisti
312 3754 413 3808 utrum
434 3765 491 3823 ego
516 3750 616 3808 adbuc
643 3751 700 3808 ista
718 3751 886 3823 diiudicare

57 3837 259 3905 meminerim,
273 3854 342 3911 quur
361 3838 436 3895 torte
444 3839 507 3910 jnm
520 3838 602 3896 obliti
616 3844 686 3895 sunt
711 3839 766 3913 qui
781 3840 886 3898 talium

56 3925 222 4000 aliquando
242 3926 378 3996 studiosi,
394 3933 500 4000 postca
512 3928 676 4000 plurimum
691 3927 720 3984 in
734 3928 887 3986 ecclesias·

60 4014 127 4072 ticis
138 4015 450 4090 littarisprolccerunt.

91 4105 119 4160 a.
133 4105 306 4162 psalterium
322 4110 455 4163 asancto
465 4106 646 4180 Hieronymo
660 4106 839 4165 translatum
850 4123 887 4165 ex

57 4191 180 4251 hebraeo
199 4209 260 4251 non
271 4194 379 4252 babeo.
392 4194 450 4251 Noa
461 4200 627 4252 autemnon
641 4195 823 4268 interpretati
839 4213 887 4255 su·

56 4297 138 4349 mus,
154 4282 353 4340 sedoodicum
361 4283 523 4341 latinorum
531 4283 691 4340 nonnullas
707 4286 887 4346 mendosita-

58 4375 104 4429 tes
118 4386 156 4428 ex
177 4373 284 4443 graecis
304 4372 526 4445 exemplaribus
548 4373 786 4434 emendavimus.
803 4378 886 4436 Unda

56 4458 192 4518 fortassis
201 4461 361 4519 fecerimus
371 4462 684 4536 aliquidoommodius
703 4481 796 4537 quam
809 4472 885 4538 erat,

58 4555 234 4606 nontamen
258 4551 316 4607 tate
330 4550 420 4624 quale
445 4566 512 4609 esse
535 4552 671 4610 debebat.
698 4555 777 4611 Nam
794 4555 885 4612 etiam

56 4653 149 4704 nuno,
164 4638 379 4711 quaelortenos
395 4645 466 4697 tunc
479 4641 692 4713 praeterierunt,
709 4641 736 4697 si
754 4642 886 4713 legentes

57 4728 217 4795 moverint,
230 4728 345 4785 collatis
360 4728 515 4787 codicibus
527 4728 736 4787 emendamus.
755 4730 797 4787 lta
812 4729 885 4788 illud

57 4816 141 4890 quod
152 4817 315 4890 perlectum
328 4822 384 4886 est,
393 4823 489 4874 tecum
502 4819 884 4893 nosquoquercquirimus.

278 4907 445 4965 aristobl
458 4906 568 4965 cctxtt
583 4907 591 4925 '
608 4907 660 4979 (n).

56 4995 241 5067 depastione
255 4996 393 5062 Ecdicio,
410 5012 477 5068 quar
501 4996 645 5055 uendente
662 4996 726 5054 viro
737 5013 790 5054 suo
811 4998 886 5056 bonu

92 5067 887 5139 suaineleemosynamdistribueratetuidentemtodi-

93 5144 155 5195 tum
167 5139 318 5205 induerat,
339 5139 550 5197 correctionem
557 5138 679 5196 antibat
691 5155 782 5212 paam
801 5156 885 5198 ocer-

92 5211 210 5278 rtmum,
218 5211 409 5284 injanpemut
421 5225 511 5280 super
521 5210 743 5282 bistociotsntts
752 5211 885 5270 oirosuo.

61 5297 195 5355 nomine
213 5299 418 5371 religiosismae
438 5298 506 5356 filiae
521 5301 638 5357 Euareia
656 5301 679 5367 ¹,
701 5305 886 5369 tricassinus,

309 5371 338 5427 in
349 5370 475 5427 Domino
490 5370 627 5427 sulutem.

87 5477 211 5528 ¹Vetuatl
226 5476 291 5528 cdd.
303 5477 391 5528 Germ.
407 5479 434 5527 ει
446 5476 540 5534 Corb„
557 5476 624 5542 Epd'
644 5478 684 5530 to.

59 5615 77 5652 n
88 5538 189 5651 'rittgco⁸
220 5540 265 5651 nite
274 5540 308 5650 a}
319 5538 542 5652 ιιιιιενιιὲῐᾟιὲἆε.
558 5554 597 5593 cc.
612 5555 627 5593 c
648 5580 653 5593 .
668 5542 698 5594 u.
714 5555 848 5609 ww.
861 5541 883 5599 Ι.

89 5665 127 5730 to)
139 5663 212 5716 Alias
224 5663 288 5716 tae:
306 5677 367 5728 quta
380 5665 472 5718 autem
487 5665 534 5716 262
548 5668 613 5727 arat,
632 5675 705 5719 nuuc
715 5667 772 5721 m.

681 150 935 215 EPISTOLAR'UM
955 151 1100 213 cttssts
1118 152 1167 214 lv.

1702 150 1768 210 totu

981 280 1109 339 l.tectis
1127 278 1231 339 titteris
1242 280 1425 339 Reverentia
1438 282 1506 347 tuae,
1517 281 1546 338 et
1556 293 1660 338 aarum
1672 277 1768 353 perla-

944 373 1006 426 tore
1012 369 1192 441 interrogato
1202 387 1270 444 quae
1284 369 1497 440 interroganda
1509 367 1673 435 restabant,
1682 367 1770 425 vehe-

943 463 1059 516 menter
1071 458 1154 516 dolui
1167 459 1208 515 sic
1224 459 1385 516 teroluisse
1400 474 1489 530 agero
1504 474 1574 515 cum
1591 457 1706 523 marito,
1737 459 1770 515 ut

943 547 1101 605 edificium
1118 549 1319 613 continentiae,
1334 547 1417 622 quod
1442 549 1472 605 in
1490 563 1525 605 eo
1543 547 1608 619 jam
1637 547 1769 604 construi

943 641 1085 710 coepcrat,
1104 636 1220 694 amissa
1230 637 1452 709 perseverantia
1460 636 1489 693 in
1504 634 1768 692 adulteriiruinam

943 725 1151 783 miserabiliter
1161 725 1318 783 laberetur.
1335 726 1408 782 Cum
1424 725 1504 782 enirn
1515 724 1664 795 lugendus
1677 728 1766 789 esset,

943 812 1049 887 sipost
1064 813 1274 871 continentiam
1290 819 1390 871 votam
1405 813 1606 885 Dao,jamque
1622 816 1690 870 actu
1702 813 1768 885 ipso

943 903 1137 977 moribusque
1150 908 1331 977 susceptum,
1351 908 1546 961 reverteretur
1561 902 1600 959 ad
1631 901 1769 974 conjugis

942 1007 1063 1050 carnem
1076 1007 1083 1060 ;
1097 998 1210 1066 quanto
1226 993 1323 1064 magis
1338 1008 1418 1050 nunc
1433 992 1589 1050 demersus
1615 991 1645 1046 in
1670 990 1770 1047 interi·

942 1086 1005 1138 tum
1022 1081 1247 1154 protundiorem
1258 1082 1407 1155 lugendus
1421 1085 1476 1148 est,
1491 1082 1543 1155 qui
1558 1085 1622 1138 tam
1640 1079 1770 1152 abrupta

941 1170 1139 1228 dissolutione
1164 1171 1341 1237 moechatur,
1369 1171 1463 1228 iratus
1490 1171 1553 1237 tibi,
1582 1169 1768 1243 perniciosus

941 1260 1008 1327 sibi,
1024 1266 1167 1334 tanquam
1175 1260 1206 1317 in
1218 1261 1388 1319 teucerbius
1404 1260 1518 1327 soeviat,
1528 1261 1553 1315 si
1565 1260 1630 1333 ipse
1643 1258 1768 1331 pereat?

942 1351 1001 1408 lioc
1016 1354 1117 1407 autern
1131 1355 1248 1407 tantum
1262 1350 1333 1408 rnali
1353 1350 1471 1419 accidit,
1487 1350 1560 1407 dum
1575 1353 1607 1406 tu
1625 1349 1691 1422 ejus
1706 1353 1769 1406 ani-

942 1455 1026 1496 mum
1042 1455 1102 1496 non
1113 1439 1307 1513 quadebuisti
1320 1438 1661 1497 moderationetractasti
1678 1437 1770 1511 :quia

941 1528 995 1585 etsi
1010 1528 1124 1585 carnali
1135 1530 1285 1586 consortio
1297 1530 1364 1603 jam
1379 1544 1414 1585 ex
1430 1543 1582 1585 consensu
1607 1527 1691 1584 vobis
1705 1541 1768 1585 non

942 1616 1163 1683 miscebamini,
1178 1618 1208 1674 in
1221 1615 1539 1675 caeteristamenrebus
1549 1616 1700 1689 conjugali
1713 1616 1770 1674 ob·

943 1705 1047 1779 aequio
1063 1706 1126 1762 viro
1137 1711 1188 1764 tuo
1201 1707 1423 1764 mulierservire
1433 1706 1562 1764 debuisti
1578 1723 1586 1773 ι
1603 1706 1769 1778 praesertim

943 1811 1012 1852 cum
1026 1796 1116 1852 ambo
1129 1796 1232 1853 essetis
1248 1796 1385 1853 membra
1397 1795 1531 1869 corporis
1546 1794 1663 1853 Christi.
1675 1793 1770 1852 Etuti·

943 1900 1003 1958 que
1019 1885 1043 1941 si
1060 1885 1201 1943 maritum
1215 1885 1368 1943 infidelem
1381 1884 1478 1941 tidelis
1492 1884 1663 1950 habuisses,
1680 1899 1770 1955 agere

943 1977 972 2030 te
986 1974 1212 2031 conversatione
1225 1973 1346 2030 subdita
1361 1973 1501 2046 oportuit,
1517 1977 1549 2029 ut
1561 1989 1631 2030 eum
1643 1973 1769 2030 Domino

943 2061 1113 2128 lucrareris,
1125 2063 1202 2120 sicut
1212 2063 1348 2137 Apostoli
1361 2065 1553 2120 monuerunt.

979 2173 1005 2225 2.
1036 2170 1146 2228 Omitto
1173 2171 1253 2227 enim
1290 2170 1373 2244 qarod
1408 2170 1505 2243 ipsam
1541 2168 1768 2235 continentiam,

942 2256 992 2314 illo
1005 2258 1143 2315 nondum
1170 2260 1296 2326 volente,
1310 2275 1372 2316 non
1387 2260 1554 2317 secundum
1570 2274 1677 2316 sanam
1698 2258 1769 2314 doc·

942 2347 1053 2404 trinam
1069 2352 1096 2404 te
1107 2349 1274 2420 suscepisse
1289 2349 1427 2419 cognovi.
1443 2353 1544 2422 Neque
1559 2349 1638 2405 enim
1662 2363 1771 2420 corpo-

942 2435 984 2493 ris
1008 2438 1051 2493 tui
1080 2437 1181 2495 debito
1204 2438 1393 2496 lraudandus
1421 2438 1484 2505 luit,
1522 2438 1699 2511 priusquam
1730 2436 1771 2494 ad

943 2524 1016 2582 illud
1031 2526 1158 2593 bonum,
1187 2529 1268 2601 quod
1286 2533 1408 2601 superat
1431 2527 1606 2600 pudicitiam
1628 2526 1773 2600 conjugu-

942 2612 1013 2681 lem,
1030 2619 1086 2672 tuoe
1103 2616 1249 2674 voluntati
1263 2617 1533 2691 voluntasquoque
1540 2617 1603 2689 ejus
1616 2615 1771 2683 aacedret;

943 2703 999 2759 nisi
1011 2702 1084 2760 torte
1097 2719 1157 2761 non
1169 2704 1285 2775 legeras
1301 2721 1357 2761 nec
1368 2705 1508 2762 audieras
1529 2706 1699 2762 attenderas
1726 2704 1773 2763 vel

943 2807 1004 2849 non
1032 2793 1203 2851 attenderas
1226 2793 1405 2865 Apostolum
1415 2794 1562 2851 dicentem
1579 2810 1586 2849 ε
1601 2793 1713 2851 Bonum
1731 2800 1773 2852 eat

943 2881 1057 2939 domini
1080 2883 1235 2939 mutierem
1260 2897 1320 2938 aon
1348 2889 1471 2954 tenpere
1500 2889 1650 2954 :propter
1675 2884 1773 2952 sorni·

942 2972 1072 3029 cationes
1087 2979 1186 3028 autem
1202 2971 1405 3044 unusquisque
1419 2986 1543 3050 uxorem
1559 2986 1643 3028 suom
1667 2971 1774 3030 tabeat

942 3066 969 3117 et
982 3077 1165 3133 unaquaque
1175 3077 1259 3118 suum
1274 3062 1371 3118 virum
1386 3060 1506 3118 tabeat.
1527 3061 1621 3118 Uxori
1633 3061 1680 3117 vir
1694 3061 1772 3119 deti·

940 3156 1003 3206 tum
1022 3150 1137 3217 reddat,
1158 3150 1296 3207 similiter
1318 3156 1415 3207 autem
1438 3155 1465 3206 et
1494 3164 1573 3207 uxor
1592 3149 1666 3205 uiro.
1687 3150 1772 3207 Uxor

940 3227 1001 3295 nois
1016 3239 1104 3297 tebet
1113 3244 1288 3308 potestatem
1300 3238 1432 3308 eorporis
1447 3239 1563 3306 raised
1575 3238 1606 3296 oi
1615 3257 1625 3294 .·
1634 3239 1773 3296 similiter

939 3335 1039 3386 autem
1052 3334 1079 3385 et
1093 3329 1206 3386 airaon
1221 3328 1311 3386 babet
1318 3330 1492 3398 potestatem
1507 3327 1641 3398 corporis
1652 3328 1770 3394 sui,sed

940 3417 1059 3475 mulier.
1075 3418 1171 3474 Nolite
1183 3417 1334 3487 fraudere
1347 3416 1482 3482 inuicem,
1495 3416 1554 3474 nisi
1573 3431 1611 3474 eo:
1625 3431 1769 3474 consensu

940 3505 982 3563 od
996 3511 1120 3576 tempus,
1141 3513 1173 3561 ut
1188 3507 1298 3563 uocatis
1314 3505 1442 3562 orationi
1455 3527 1466 3576 ,·
1477 3507 1622 3563 etiterum
1639 3505 1680 3563 od
1689 3505 1770 3575 idip-

940 3609 1006 3651 sum
1021 3600 1119 3660 estote,
1134 3609 1171 3652 no
1185 3610 1235 3652 uos
1250 3595 1480 3652 tentetSotoaos
1497 3601 1621 3665 propter
1634 3594 1772 3664 intenpe-

940 3683 1069 3740 rantum
1085 3690 1212 3741 uestram
1225 3683 1250 3754 (l
1264 3683 1334 3741 Cor.
1350 3698 1399 3749 an,
1418 3682 1507 3756 t·l7).
1517 3683 1689 3741 Secundum
1704 3683 1770 3741 haeo

940 3771 1034 3829 verba
1043 3771 1216 3844 apostolica,
1237 3772 1353 3829 etiamsi
1369 3788 1402 3829 se
1416 3772 1482 3845 ipse
1492 3773 1643 3829 continere
1657 3771 1771 3829 notura·

941 3866 995 3933 set,
1009 3866 1074 3918 ettu
1089 3861 1390 3931 noluisses,debitum
1399 3861 1583 3919 tibireddsre
1596 3867 1768 3933 nogaretum

940 3950 1016 4008 atilli
1031 3951 1276 4024 [icusimputaret
1288 3951 1514 4017 continentiam,
1528 3951 1623 4009 sinon
1637 3950 1770 4017 suae,sed

939 4042 1000 4097 tuae
1010 4039 1121 4096 cedens
1135 4038 1310 4106 infirmitati,
1326 4054 1363 4096 ιιε
1384 4040 1413 4096 in
1434 4040 1571 4097 adulterii
1584 4038 1769 4111 fdamnabile

939 4128 1087 4203 flagitium
1102 4128 1237 4195 caderes,
1249 4128 1418 4188 maritalem
1431 4129 1484 4187 tibi
1496 4128 1690 4187 concubitum
1706 4142 1768 4186 uon

941 4223 1063 4290 negaret
1080 4234 1086 4274 :
1102 4219 1321 4292 quantomagis
1337 4221 1475 4292 taquam
1491 4218 1588 4290 magis
1600 4216 1769 4290 subiectam

940 4322 1005 4365 esse
1018 4307 1170 4377 decuerat,
1191 4323 1228 4365 ne
1240 4307 1306 4380 ipse
1321 4323 1443 4381 quoque
1467 4308 1497 4364 in
1510 4307 1689 4364 adulterium
1705 4306 1769 4363 dia·

939 4397 1039 4454 bolioa
1052 4397 1395 4463 tentationetruberetur,
1409 4396 1438 4452 in
1445 4395 1599 4452 reddendo
1611 4394 1769 4467 hujusmo-

939 4486 971 4543 di
986 4485 1088 4542 debito
1102 4484 1250 4542 voluntati
1265 4485 1329 4557 ejus
1344 4484 1555 4556 obtemperare
1574 4486 1765 4551 convenerat,

940 4589 1010 4631 cum
1028 4573 1081 4629 tibi
1107 4573 1289 4630 voluntatem
1305 4572 1476 4630 continendi
1493 4576 1662 4645 acceptaret
1677 4571 1765 4644 Deua,

940 4662 1012 4736 quia
1025 4666 1184 4735 propterea
1198 4676 1259 4719 non
1273 4661 1396 4731 laceres,
1412 4677 1450 4720 ne
1461 4662 1570 4735 periret
1581 4662 1708 4719 maritus
1720 4660 1735 4717 l

975 4772 1004 4826 l.
1026 4767 1196 4834 Sedboc,ut
1209 4768 1281 4836 dixi,
1294 4768 1410 4833 omitto,
1431 4768 1577 4843 quoniam
1595 4772 1700 4842 postea
1713 4768 1765 4825 tibi

939 4858 1051 4916 nolenti
1059 4856 1114 4915 sibi
1122 4856 1161 4915 ad
1174 4856 1328 4915 reddenda
1340 4857 1512 4930 coniugalia
1522 4857 1625 4915 debite
1636 4872 1766 4914 consen·

940 4947 1003 5015 tire,
1020 4946 1060 5005 ad
1075 4944 1374 5003 eademeontinenttae
1389 4950 1477 5019 pacta
1491 4946 1557 5019 ipae
1567 4943 1730 5011 consensit,
1737 4951 1766 5001 et

941 5040 1038 5093 tecum
1049 5033 1305 5091 continentissime
1320 5033 1372 5092 diu
1387 5033 1469 5100 vixit,
1485 5049 1602 5107 suoque
1614 5046 1766 5091 consensa

940 5139 958 5181 a
972 5128 1096 5197 peccato
1109 5122 1158 5179 illo
1171 5138 1232 5197 quo
1247 5123 1274 5180 ei
1286 5123 1422 5180 debitum
1433 5123 1532 5181 carnis
1547 5122 1765 5196 negabas,tpse

940 5218 968 5271 te
982 5211 1123 5270 absolvit.
1140 5214 1204 5269 Non
1218 5226 1290 5282 ergo
1296 5211 1397 5283 jamin
1412 5216 1463 5269 tua
1473 5226 1565 5268 causa
1579 5211 1766 5269 istarertitur

939 5301 1077 5376 questio,
1093 5304 1192 5358 utrum
1204 5300 1301 5358 redire
1315 5298 1472 5358 debeesed
1482 5300 1676 5358 concubitum
1692 5300 1762 5362 riri.

940 5391 1026 5459 Quod
1037 5389 1117 5448 enim
1133 5392 1192 5447 lico
1200 5389 1421 5462 pariconsansu
1432 5388 1523 5447 ambo
1531 5391 1686 5455 voveratis,
1701 5402 1766 5460 per·

940 5478 1251 5552 severanteruaquein
1260 5476 1485 5536 tinemreddere
1496 5479 1587 5537 ambo
1596 5476 1764 5535 debuistis:

940 5584 1034 5644 aquo
1043 5567 1197 5643 proposito
1212 5568 1237 5624 si
1250 5567 1356 5641 tapsus
1369 5572 1413 5624 est
1424 5565 1483 5633 ille,
1494 5571 1527 5624 tu
1544 5567 1651 5625 saltem
1678 5581 1766 5624 cous·

938 5657 1106 5719 ιειιιιεειιιιε
1120 5670 1288 5735 ρειεειειε-
1303 5655 1428 5727 οιιοᾱιε
1442 5669 1504 5718 non
1513 5655 1696 5731 exhortarer,
1707 5654 1766 5716 nisi
