3952 6128
67 130 124 189 sos
690 82 946 189 erisroaiuuu
966 124 1111 186 messis
1130 126 1179 186 ur.
1649 96 1654 121 '
1727 133 1780 193 sos

67 254 258 321 videbamus,
272 271 340 330 que
356 257 455 312 tamen
478 252 518 311 ihi
548 252 657 312 talibus
671 252 822 311 beneficiis
843 252 896 310 Dei
951 252 1152 327 cicatricibus,
1168 254 1231 311 suis
1244 257 1305 313 ιιιι
1320 253 1432 323 multis,
1445 258 1505 313 tam
1520 254 1779 328 tumultuantem

65 345 408 417 constitutaeseetatque
418 343 549 409 firmata,
560 342 895 416 dumperpriorumim·
949 342 1128 412 recentibus,
1144 359 1206 401 non
1221 342 1329 403 trustra
1349 342 1465 403 lamam
1480 353 1633 404 mortuum
1648 363 1680 407 sa
1695 363 1778 407 uun·

65 431 895 508 paratorumlegesadcommunionemhominescatholi·
951 431 1039 488 tiasse
1060 432 1247 489 monstravit.

64 540 134 580 carn
149 528 328 594 cogerentur
339 538 346 588 ;
359 521 655 579 obtinuimustamen
671 525 702 577 ut
714 520 895 592 illudpolius
985 522 1029 576 28.
1044 520 1194 578 auxilium
1209 536 1280 592 ergo
1295 521 1400 594 petivit
1422 523 1461 581 ab
1485 523 1663 597 imperatore
1685 527 1780 585 chris·

63 611 148 687 quod
155 611 514 684 dixi,ablmperut0ribus
520 615 668 681 peteretur
680 609 898 667 :decretumest
950 610 1043 676 tiano,
1058 625 1118 667 non
1134 614 1195 667 taur
1210 612 1257 667 sui
1271 610 1431 668 ulciscendi
1442 629 1544 681 causa,
1556 630 1648 687 quam
1659 616 1780 674 tuende

66 698 895 772 inconciliouostru(o),legatiadComitutummissisunt.
952 699 1086 756 Ecclesie
1098 700 1154 756 sibi
1167 699 1296 757 credite.
1312 700 1400 770 Quod
1414 701 1437 756 si
1455 703 1704 774 pretermisisset,
1718 720 1781 764 non

103 794 147 847 ιθ.
164 788 221 847 Sed
239 790 287 845 Dei
304 789 398 861 major
423 786 634 858 misericordia,
657 787 710 859 qui
732 787 819 843 sciret
842 787 898 844 ha·
951 787 1448 862 ejusluissetlaudandapatientia,
1462 790 1516 848 sed
1532 792 1781 864 negligentiama-

66 895 135 936 rum
151 879 252 952 legum
267 886 359 934 terror
371 876 550 947 etquedam
564 875 749 932 medicinalis
761 875 897 934 molestia
950 877 1006 934 rito
1022 877 1183 951 culpanda.
1198 882 1298 951 Neque
1314 878 1394 937 enisu
1407 884 1436 936 et
1450 880 1727 953 apostolusPeulus
1738 882 1781 940 vi·

67 984 163 1042 quam
183 967 344 1024 multorum
361 972 437 1023 esset
452 966 553 1039 pravis
579 965 623 1021 rel
647 963 761 1036 trigidis
786 965 896 1022 animis
952 970 988 1023 te
1004 982 1068 1023 sue
1082 968 1257 1025 transitorie
1274 968 1461 1035 consulebat,
1488 969 1542 1026 ssd
1560 969 1695 1028 Ecclesiae
1717 970 1779 1038 Dei,

67 1057 248 1124 necessaria,
264 1062 292 1114 et
307 1056 348 1113 illi
359 1056 475 1112 duritie
485 1071 554 1128 que
563 1053 823 1111 verbisemeudari
837 1069 897 1111 non
951 1055 1069 1128 quando
1076 1056 1518 1130 coutraillosquieumoccidere
1525 1058 1780 1132 conspiraverant,

67 1152 175 1222 potest,
189 1146 240 1203 sad
256 1151 356 1202 tamen
369 1143 558 1217 aliquantula
568 1143 721 1200 severitate
730 1142 897 1215 discipline
951 1144 1111 1202 consilium
1127 1143 1246 1203 illorum
1262 1147 1381 1204 tribuno
1411 1152 1442 1205 ut
1465 1148 1643 1221 proderetur
1663 1148 1779 1207 effecit:

68 1241 178 1309 potest,
194 1236 224 1291 id
239 1236 297 1305 egit
310 1241 341 1290 ut
358 1236 445 1304 legati
470 1232 561 1290 nostri
583 1235 666 1306 quod
690 1236 896 1304 susceperant,
954 1234 1032 1289 unde
1048 1233 1219 1291 factumest
1235 1242 1265 1292 ut
1280 1251 1349 1292 eum
1365 1235 1404 1292 ad
1417 1235 1516 1293 locum
1530 1252 1592 1309 quo
1605 1235 1701 1296 luerat
1716 1253 1782 1311 per·

67 1325 202 1382 obtinere
217 1339 276 1380 uon
294 1330 427 1396 possent.
442 1321 602 1379 tamenim
617 1337 672 1378 nos
692 1326 899 1393 prevenerant
951 1322 1118 1389 ducendus,
1130 1323 1290 1381 deduceret
1301 1324 1539 1391 milesarmatus,
1553 1341 1589 1382 ue
1600 1326 1720 1384 illorum
1730 1342 1782 1400 pa·

68 1430 105 1472 ex
120 1414 185 1471 aliis
201 1412 272 1470 locis
287 1414 429 1483 quedam
442 1413 654 1484 episcoporum
680 1409 808 1481 querele
829 1426 897 1483 gra·
952 1417 1060 1468 teretur
1072 1412 1197 1469 insidias
1211 1413 1288 1485 (Act.
1308 1428 1391 1478 xxiii,
1409 1415 1512 1488 that).
1526 1417 1677 1472 Romanas
1691 1416 1782 1474 stiam

67 1504 211 1570 vissime,
227 1504 276 1574 qut
294 1502 374 1558 mala
388 1501 506 1558 fuerant
524 1500 749 1572 abipsismulta
763 1499 897 1572 perpessi
950 1498 1031 1569 leges
1041 1499 1202 1570 implorare
1213 1501 1603 1568 minimedubitavit,civem
1612 1506 1781 1562 Romanum

66 1599 96 1651 at
112 1610 132 1650 a
146 1593 207 1649 suis
222 1591 342 1647 sedibus
354 1591 501 1647 exturbati
514 1607 521 1657 ;
542 1591 689 1663 precipue
704 1588 855 1646 horrenda
869 1593 898 1645 et
951 1604 982 1645 se
995 1604 1060 1644 csse
1074 1587 1276 1662 proclamans,
1296 1606 1374 1663 quos
1396 1595 1468 1648 tunc
1489 1590 1583 1665 affligi
1607 1593 1782 1651 verberibus

65 1681 252 1740 incredibilis
263 1680 358 1737 cedes
369 1680 539 1736 Maximiani
552 1677 683 1751 episcopi
692 1677 832 1735 catholici
847 1680 896 1734 Ec·
951 1691 1012 1734 non
1025 1675 1134 1735 licebat
1148 1678 1203 1749 (td.
1220 1695 1290 1745 un,
1306 1680 1373 1752 iil:
1390 1679 1523 1753 itemque
1538 1696 1575 1738 ue
1587 1681 1699 1740 iudeis
1711 1697 1783 1741 eum
1854 1686 1860 1695 '

67 1771 167 1829 clesie
178 1769 362 1843 Bagatensis*
373 1768 469 1825 effecit
479 1772 511 1824 ut
522 1765 741 1839 nostralegatio
750 1768 813 1839 jam
824 1766 898 1839 quid
950 1767 1119 1823 interimere
1133 1768 1322 1839 cupientibus
1337 1769 1511 1837 traderetur,
1533 1772 1657 1829 Caesaris
1669 1786 1782 1845 popos-

67 1864 172 1931 ageret
182 1874 242 1915 nou
258 1858 392 1915 haberet.
407 1858 566 1914 tamenim
580 1856 627 1914 lex
644 1856 740 1913 luerat
764 1854 898 1929 promul·
951 1854 990 1911 cit
1000 1855 1147 1912 auxilium
1162 1855 1220 1928 (lu.
1240 1873 1309 1925 xxv,
1327 1857 1382 1929 tl),
1396 1857 1521 1917 Romani
1536 1859 1660 1932 quidem
1673 1860 1784 1933 princi·

67 1955 151 2020 gata,
167 1954 198 2006 ut
214 1953 302 2005 tante
321 1946 519 2003 immanitatis
531 1945 649 2003 heresis
666 1945 896 2012 Donatistarum,
953 1945 1782 2021 pis,seduonohristiani.Ubisatisosteuditquidiacere

67 2039 116 2094 cui
126 2037 276 2095 crudelius
290 2037 372 2109 perci
387 2035 543 2092 videbatur
557 2050 650 2107 quam
663 2035 728 2106 ipsa
743 2033 896 2103 seviebat,

66 2142 130 2184 nou
143 2130 258 2183 mutum
273 2124 404 2181 violenta
415 2139 490 2190 esse,
505 2123 559 2179 sed
572 2123 697 2179 omnino
707 2138 775 2179 esse
785 2137 847 2179 uon
860 2123 898 2178 si-

66 2210 899 2286 nereturlrupuue:nontamensuppliciocapitali,prop·

67 2303 394 2362 terservaudametium
402 2301 628 2371 circaindignos
636 2301 898 2358 mansuetudinem

67 2394 273 2459 christianam,
289 2392 341 2448 sed
358 2391 537 2463 pecuniariis
549 2390 667 2447 damnis
682 2389 854 2463 propositis,
870 2393 899 2446 et

67 2484 100 2541 in
116 2483 273 2556 episcopos
288 2480 331 2538 vel
355 2481 508 2538 ministros
532 2496 637 2537 eorum
662 2479 767 2537 exsilio
790 2481 899 2538 consti·

68 2578 146 2631 tuto.

103 2667 148 2719 ιι.
161 2659 372 2734 supradictum
381 2658 494 2732 quippe
502 2658 680 2732 episcopum
690 2657 897 2729 bagaiensem,

67 2750 214 2824 quoniam
227 2747 897 2822 apudordinariumjudicem,dictainterpar·

68 2846 112 2898 tes
127 2839 284 2905 sententia,
302 2838 473 2896 obtinuerat
488 2837 640 2893 basilicam
655 2836 707 2910 (tr),
727 2852 822 2909 quam
846 2837 897 2907 illi,

68 2945 141 2987 cum
149 2928 296 2985 catholica
310 2932 400 2992 esset,
415 2926 598 2991 invaserant,
616 2930 744 2982 stantem
752 2925 791 2982 ad
806 2924 898 2983 altare

67 3019 214 3076 irruentes
227 3017 378 3074 horrendo
392 3017 504 3088 impetu
518 3019 546 3071 et
567 3015 666 3071 lurore
692 3013 815 3081 crudeli,
832 3013 898 3070 ius-

68 3107 149 3164 tibus
164 3111 192 3164 et
206 3105 414 3178 cujuscemodi
429 3103 502 3171 telis,
518 3103 606 3174 liguis
618 3103 749 3176 denique
762 3103 898 3175 ejusdem

67 3192 898 3265 altariseffractiimmuuitercecideruut;pugioueetiam

67 3291 282 3358 percusserunt
296 3284 326 3340 in
348 3283 484 3353 iugulum
501 3296 562 3355 quo
583 3280 702 3338 vulnere
719 3282 843 3353 sanguis
859 3281 899 3338 el·

68 3370 829 3437 lluenseumexanimemredderet,nisieiadvitam
838 3387 900 3428 ma·

65 3465 116 3536 ior
131 3462 244 3520 saevitia
258 3477 362 3518 eorum
384 3459 555 3532 profuisset.
580 3462 653 3515 Nam
677 3475 747 3516 cum
770 3459 900 3531 graviter

70 3552 241 3608 sauciatum
252 3566 303 3623 per
312 3555 420 3606 terram
431 3563 553 3620 insuper
564 3549 723 3615 traherent,
735 3548 899 3605 exundanti

70 3657 153 3698 rene
165 3639 265 3712 pulvis
277 3641 435 3697 obstrusus
444 3637 625 3708 sauguinem
633 3637 777 3694 abstinuit
785 3637 900 3709 ¹,cujus

71 3729 218 3787 effusione
233 3728 296 3786 ibat
311 3729 342 3783 iu
359 3732 497 3784 mortem.
515 3727 625 3782 bstnda
641 3742 710 3783 cum
725 3727 764 3783 ab
779 3727 822 3782 eis
838 3731 902 3783 tau·

71 3819 143 3876 dem
153 3815 606 3888 relietum,nustricumpsalmis
615 3815 731 3872 auterre
741 3820 900 3883 tentarant,

72 3908 114 3965 illi
129 3910 174 3965 ira
186 3907 355 3964 ardentiore
367 3905 509 3976 succensi,
521 3920 592 3960 eum
602 3903 640 3960 de
651 3904 834 3976 portantium
840 3919 902 3961 me·

72 3997 163 4055 nibus
177 3996 374 4062 abstulerunt,
388 3994 465 4051 male
478 3992 603 4050 multatis
617 3992 784 4067 iugatisque
797 3993 902 4051 Catho-

73 4087 151 4156 licis,
163 4103 240 4161 quos
254 4086 367 4157 ingenti
387 4083 577 4141 multitudiue
598 4083 794 4154 superabant,
820 4082 903 4140 etia·

75 4171 903 4245 cilesevieudoterrebant.ludeinquamlemturremle·

72 4272 189 4333 ratum,
205 4266 272 4338 jam
292 4263 438 4320 deiecisse
464 4261 652 4327 arbitrantes,
679 4276 748 4317 cum
774 4260 822 4318 ille
848 4263 903 4319 ad·

72 4356 134 4412 huc
148 4357 269 4420 viveret,
285 4353 468 4425 adjecerunt.
482 4351 538 4407 Sed
548 4349 684 4423 quodam
696 4349 778 4407 molli
793 4365 903 4423 aggere

72 4451 226 4518 exceptus,
240 4450 300 4501 ιιι
318 4442 503 4515 quibusdam
516 4445 601 4497 nocte
616 4440 837 4496 transeuntibus
850 4456 903 4512 per

73 4535 229 4592 lucernam
243 4536 433 4603 conspectus,
450 4529 569 4600 agnitus
584 4535 674 4601 atque
700 4528 849 4595 collectus,
874 4533 903 4587 et

74 4624 113 4682 ad
124 4623 296 4695 religiosam
308 4621 434 4676 domum
445 4624 630 4692 apportatus,
643 4617 778 4677 adhibita
793 4632 904 4688 magua

73 4728 157 4782 cura,
169 4719 235 4785 post
251 4708 438 4767 multosdies
457 4706 496 4765 ab
511 4706 562 4763 illa
575 4706 784 4779 desperatione
807 4722 905 4763 recre-

74 4808 140 4860 atus
156 4806 214 4859 est:
231 4801 363 4857 occisum
377 4814 446 4854 eum
463 4802 563 4853 tamen
576 4794 658 4851 lama
673 4794 783 4851 scelere
806 4794 905 4853 Dona·

75 4891 210 4948 tistarum
220 4890 310 4946 etiam
322 4894 403 4945 trans
414 4901 496 4943 mare
507 4884 773 4956 nuntiaverat‚quo
783 4887 904 4957 postea·

73 4996 168 5055 quam
179 4978 267 5047 venit,
284 4981 315 5035 et
329 4976 390 5034 vita
404 4976 429 5048 ej
436 4992 469 5031 us
491 4972 732 5046 inopinatissima
753 4973 905 5046 apperuit,

106 5181 115 5212 ¹
133 5178 163 5228 lu
180 5177 295 5234 excusis,
316 5174 457 5238 Vagieasis.
476 5173 506 5222 ln
527 5171 588 5222 llas.
606 5170 716 5235 aliquot,
744 5169 904 5235 tentareris.

74 5242 106 5291 ln
121 5242 181 5291 aliis
199 5240 342 5313 plerisque,
367 5236 533 5301 l'ogaieuris:
550 5234 650 5285 scilicet
663 5238 766 5285 mutato
780 5233 802 5283 B
816 5233 844 5282 in
867 5232 904 5291 V;

75 5318 140 5355 cum
157 5303 330 5353 scribendum
348 5300 390 5355 sit.
409 5299 447 5348 lio
465 5298 571 5347 ιιιιιιιι.
587 5297 701 5347 Consule
714 5300 771 5347 not.
786 5296 813 5346 in
827 5295 905 5360 epist.

77 5367 126 5424 88;
142 5379 169 5415 u.
185 5366 209 5423 8,
225 5368 252 5415 at
268 5365 342 5414 libe
359 5365 430 5412 cont.
448 5314 631 5416 haessonum,
646 5373 669 5409 c.
680 5360 720 5408 4³.

108 5432 118 5462 ¹
132 5429 206 5485 lov..
222 5442 270 5476 suu

75 5491 197 5542 obticuit.
209 5491 244 5539 tt
260 5443 320 5539 lysa.
337 5501 419 5551 prope
429 5500 531 5559 ornnes.
547 5483 841 5556 renquiaemubstiuuit.

121 5560 147 5617 u)
164 5553 261 5603 Cartha
281 5552 318 5601 in.
336 5563 381 5601 an.
396 5550 451 5605 tot,
462 5548 506 5598 dte
519 5550 549 5596 ab
556 5559 634 5610 Junu.

120 5616 145 5680 b)
161 5614 247 5666 Fundi
262 5566 462 5666 galatinensis:
478 5611 523 5661 tib.
541 5611 555 5659 3
574 5611 657 5666 cont,
672 5606 806 5668 Crescon„
828 5622 851 5660 c.
867 5609 905 5660 aa.

952 2039 1057 2107 postea
1070 2033 1213 2090 deberent
1223 2034 1328 2091 Christi
1340 2033 1574 2106 dispensatores,
1592 2036 1784 2109 quaudoim-

954 2127 1104 2194 peratores
1116 2122 1296 2180 christianos
1308 2123 1491 2196 periclitante
1511 2124 1650 2182 Ecclesie
1671 2126 1784 2199 raperi-

951 2213 1114 2269 tantillus
1128 2228 1200 2282 ergo
1213 2211 1326 2270 lactum
1340 2218 1384 2269 est
1398 2219 1429 2270 ut
1443 2214 1608 2286 imperator
1624 2214 1782 2287 religiosus

952 2305 980 2357 et
1000 2302 1077 2372 pius,
1090 2301 1211 2374 perlatis
1226 2300 1257 2357 in
1270 2302 1407 2359 notitiam
1434 2319 1523 2360 suam
1547 2303 1657 2361 talibus
1671 2304 1783 2374 causis,

954 2389 1056 2447 mallet
1070 2391 1211 2463 piissimis
1231 2390 1345 2463 legibus
1361 2390 1438 2448 illius
1464 2392 1627 2464 impietatis
1650 2408 1783 2451 errorem

952 2479 1077 2536 omniuo
1087 2479 1508 2553 corrigere,eteosquicoutra
1519 2481 1667 2538 Christum
1676 2481 1783 2540 Christi

952 2568 1038 2638 signa
1054 2574 1214 2641 portarent,
1231 2569 1269 2625 ad
1287 2571 1430 2627 unitatem
1450 2570 1628 2628 catholicam
1643 2570 1783 2628 terrendo

953 2663 982 2714 et
990 2657 1156 2737 coercendo
1167 2659 1411 2731 redigere‚quam
1421 2659 1563 2716 seniendi
1573 2660 1784 2718 tautummodo

952 2746 1068 2803 auterre
1078 2746 1275 2813 licentiam,et
1284 2746 1783 2822 errandiacpereundireliuquere.

988 2835 1031 2893 29.
1042 2839 1182 2894 tamvero
1190 2838 1339 2909 cumipse
1350 2838 1433 2907 leges
1443 2838 1782 2908 venissentinhiricam,

954 2925 1103 2997 praecipue
1120 2924 1160 2980 illi
1179 2927 1231 2997 qui
1246 2927 1424 2997 querebant
1438 2928 1641 2994 occasionem,
1657 2932 1710 2985 aut
1731 2943 1785 2984 se·

953 3014 1055 3070 vitiam
1071 3013 1234 3070 furentium
1251 3013 1434 3081 metuebant,
1450 3020 1503 3072 aut
1515 3031 1586 3072 suos
1601 3015 1784 3073 verecunda·

952 3103 1064 3161 bantur
1079 3102 1240 3170 offendere,
1261 3103 1300 3160 ad
1320 3104 1481 3162 Ecclesiam
1499 3105 1642 3162 contiuuo
1660 3104 1783 3163 transic-

953 3196 1031 3249 ruut.
1047 3191 1128 3249 llulti
1142 3193 1231 3249 etiam
1246 3192 1299 3265 qui
1313 3192 1377 3250 sola
1386 3193 1446 3249 illic
1457 3209 1475 3249 a
1486 3193 1661 3266 parentibus
1675 3193 1786 3252 tradita

953 3281 1168 3339 consuetudine
1177 3281 1365 3349 tenebantur,
1374 3282 1495 3355 qualem
1507 3298 1706 3341 verocaussm
1716 3283 1787 3356 ipsa

953 3370 1076 3428 heresis
1086 3371 1210 3428 haberet
1220 3386 1379 3444 nunquam
1389 3375 1477 3430 antea
1486 3370 1785 3444 cogitaverautmuu·

955 3475 1049 3533 quam
1061 3476 1195 3534 querere
1207 3467 1236 3517 et
1250 3460 1442 3517 considerare
1457 3462 1623 3527 voluerant,
1639 3476 1712 3519 mox
1733 3461 1785 3520 uhi

954 3554 1108 3621 ceperunt
1122 3549 1285 3615 advertere,
1301 3553 1331 3606 et
1342 3549 1416 3606 nihil
1428 3551 1457 3605 in
1471 3564 1507 3607 aa
1516 3549 1644 3619 dignum
1654 3549 1787 3609 invenire

955 3645 1075 3712 propter
1091 3639 1174 3712 quod
1189 3643 1273 3695 tauta
1287 3637 1401 3695 damna
1423 3643 1603 3710 paterentur,
1632 3641 1696 3698 sine
1726 3639 1785 3700 ulla

955 3727 1130 3785 difficultate
1153 3727 1293 3785 catholici
1309 3726 1380 3785 lacti
1396 3732 1482 3784 sunt:
1507 3726 1611 3785 docuit
1630 3729 1711 3786 enim
1733 3745 1785 3787 eos

956 3816 1138 3883 sollicitudo,
1158 3833 1235 3889 quos
1255 3815 1440 3888 negligentes
1456 3816 1598 3874 securitas
1611 3816 1732 3875 iecerat.
1746 3821 1786 3874 ls-

956 3909 1055 3963 torum
1070 3911 1170 3962 autem
1185 3905 1320 3962 omnium
1332 3904 1565 3978 praecedentium
1576 3906 1785 3964 auctoritatem

956 3995 1218 4067 etpersuasionem
1232 3995 1324 4052 secuti
1335 4000 1405 4051 sunt
1413 3993 1507 4060 multi,
1519 3995 1570 4068 qui
1577 3994 1787 4054 miuusidouei

956 4083 1788 4158 erautperseipsosiutelligerequiddistaretinterliona-

956 4172 1095 4230 tistarum
1109 4189 1252 4239 errorem,
1265 4178 1293 4231 et
1303 4173 1479 4231 catholicam
1495 4174 1661 4232 raritatem.

992 4267 1036 4321 ³0.
1050 4264 1093 4320 ιιι
1108 4279 1178 4320 cum
1190 4274 1301 4333 magua
1315 4263 1438 4335 agmina
1448 4262 1629 4336 populorum
1641 4278 1710 4320 vere
1722 4279 1790 4322 ma-

958 4357 1001 4410 ter
1013 4352 1044 4408 in
1059 4351 1460 4425 sinumgaudensreciperet,
1472 4356 1682 4409 remanserunt
1694 4351 1788 4410 turbe

957 4440 1053 4509 dure,
1065 4447 1094 4497 et
1108 4442 1138 4497 in
1153 4440 1203 4497 illa
1217 4445 1299 4512 peste
1312 4439 1421 4497 iulelici
1432 4441 1623 4497 animositate
1635 4440 1786 4499 sistentes.

957 4532 999 4588 Ex
1017 4531 1063 4588 his
1091 4545 1212 4603 quoque
1236 4529 1357 4601 plurimi
1382 4529 1555 4586 simulando
1581 4529 1788 4587 communica·

959 4625 1073 4685 verunt,
1088 4618 1138 4676 alii
1153 4619 1302 4691 paucitate
1315 4617 1477 4675 latuerunt.
1494 4616 1552 4676 Sed
1566 4617 1608 4675 illi
1620 4619 1671 4690 qui
1690 4619 1788 4677 simu·

956 4708 1071 4773 labant,
1088 4706 1233 4780 paulatim
1256 4707 1462 4765 assuescendo
1486 4712 1515 4765 et
1540 4707 1787 4781 predicationem

958 4797 1087 4855 veritatis
1097 4795 1259 4862 audiendo,
1271 4796 1402 4853 maxime
1415 4797 1678 4869 postcollatiouem
1692 4797 1790 4855 aldis·

958 4885 1219 4960 putationemque
1231 4885 1306 4942 iuter
1314 4891 1406 4942 noset
1416 4886 1574 4961 episcopos
1587 4902 1692 4944 eorum
1703 4885 1788 4958 apud

959 4976 1169 5047 Carthaginem
1181 4974 1246 5041 luit,
1263 4990 1301 5032 ex
1314 4990 1426 5048 magua
1440 4980 1524 5049 perte
1549 4975 1676 5033 correcti
1700 4976 1783 5032 sunt.

959 5069 992 5122 ln
1009 5063 1196 5140 quibusdam
1209 5079 1281 5121 vcro
1293 5063 1377 5129 lucis,
1395 5063 1444 5121 ubi
1458 5063 1636 5138 pertinacior
1650 5068 1679 5121 et
1693 5065 1790 5136 impa-

959 5156 1052 5212 catior
1066 5151 1223 5227 prevaluit
1236 5153 1406 5218 multitudo,
1422 5154 1469 5210 cui
1491 5152 1626 5209 resistere
1650 5166 1713 5210 nou
1736 5166 1791 5226 po-

960 5247 1056 5301 teraut
1070 5243 1229 5314 pauciores
1244 5255 1375 5315 quorum
1390 5245 1453 5298 erat
1468 5237 1575 5297 melior
1593 5240 1631 5298 de
1648 5255 1789 5298 commu·

960 5331 1217 5396 niouesenteutia‚
1242 5334 1295 5387 aut
1313 5329 1407 5387 turbe
1432 5328 1600 5387 auctoritati
1621 5344 1789 5403 paucorum

288 5427 348 5476 ates
362 5425 482 5475 οιιιιιιιιι.
498 5423 561 5473 aad.
575 5423 635 5474 em.
653 5425 680 5471 et
692 5421 744 5476 aa,
756 5419 908 5484 terestrem
960 5421 1161 5493 potentiorum
1178 5418 1305 5477 subdite
1318 5420 1349 5474 in
1364 5416 1476 5475 melam
1496 5421 1612 5489 partem
1632 5417 1788 5491 obtempe-

960 5514 1073 5575 rerunt,
1084 5509 1237 5581 aliquanto
1247 5505 1594 5565 diutiuslaboratumest.
1603 5509 1644 5565 lix
1665 5507 1791 5567 hissuut

960 5597 1108 5672 inquibus
1115 5595 1384 5664 adhuelaboretur,
1392 5596 1490 5671 inquo
1501 5594 1604 5656 labere
1617 5595 1712 5656 multa
1733 5594 1790 5657 Ca·
