3952 6128
127 131 179 190 iti

126 274 261 315 annonam
277 240 438 326 militamus,
453 277 535 333 panes
545 261 662 334 quinque
675 261 729 319 tibi
738 263 882 335 pariteret
894 261 953 330 filio

126 355 218 404 nostro
230 349 352 406 Licentia
364 350 494 405 misimus.
507 352 569 406 Non
579 354 649 408 enim
661 353 822 424 potuimuse
833 352 954 408 benedic·

762 136 792 195 S.
812 135 1006 195 AUGUSTlNI
1026 136 1189 194 Episcopi

1781 131 1838 192 tes

1007 278 1109 321 eorem.
1128 263 1222 331 Quom
1235 268 1260 318 te
1274 265 1305 316 ut
1316 252 1499 325 ourcaudias,
1519 271 1602 329 neque
1613 272 1724 315 samam
1737 258 1843 318 educte

1008 359 1061 407 tna
1072 353 1104 407 in
1113 351 1201 408 uerbis
1213 351 1268 406 mei
1280 365 1392 422 spernas
1404 365 1412 414 ;
1426 346 1471 402 sed
1485 345 1561 417 piam
1575 363 1672 402 curam
1684 355 1710 404 et
1723 357 1839 407 mentem

126 438 198 492 tione
210 455 354 504 secemtere,
365 440 673 511 quemcnpimuseadem
685 441 762 496 nobis
772 441 863 513 qratia
875 441 951 513 peni·
1006 448 1148 512 paternam
1171 442 1253 496 etium
1271 441 1301 494 in
1325 436 1511 510 despiciendis
1533 437 1699 493 sermonibus
1723 438 1840 496 libenter

128 532 170 581 tus
183 534 335 583 ansnectere.
351 528 450 584 Paucis
464 534 551 585 lueneen
563 537 588 585 et
602 530 638 585 ad
653 531 740 603 ipsum
754 531 905 604 loquamur,
921 547 954 586 ne
1006 530 1133 602 accipias,
1143 530 1239 603 quibus
1254 529 1368 584 insitum
1380 526 1485 583 Christi
1499 542 1604 591 menen,
1617 526 1687 599 quod
1697 533 1737 583 esl
1750 543 1838 601 supra

126 604 954 692 neqetsibiscriptumqnoddesetibiscriptnmest.AEscbino
1006 635 1081 675 amne
1094 636 1198 685 menen,
1214 619 1282 673 lianc
1296 616 1389 673 deberi
1409 615 1605 671 uenerationem
1628 615 1709 687 facit,
1730 623 1761 673 ut
1781 633 1838 674 nott

126 706 196 759 enim
219 704 332 770 dieitur,
353 706 421 778 qnod
435 707 514 763 audit
532 709 626 767 biitio.
646 709 697 766 Sed
713 709 780 783 quid
802 710 833 765 de
852 710 953 766 alienis
1006 710 1087 783 possit
1107 727 1124 764 a
1142 708 1269 765 modenule
1287 706 1436 763 contemni.

127 793 233 865 loquar,
246 812 307 850 cum
320 794 351 850 de
364 797 477 867 proprio
489 805 584 853 cuneta
591 799 731 870 pessimius,
741 808 767 856 et
776 800 868 855 aliena
881 800 956 872 loqui

126 898 179 936 non
197 882 279 938 soleat
300 899 355 939 esse
368 884 431 939 sani
448 885 575 956 capitis?
595 904 646 957 quo
665 887 716 943 Dei
730 888 823 959 pratia
842 904 907 943 sano
927 893 953 943 et

126 970 200 1025 salon
213 988 316 1036 suenus,
331 971 427 1044 quibus
441 982 520 1046 capnt
534 981 571 1030 est
586 976 722 1032 Cbristus.
748 976 907 1032 incolumem
928 983 952 1032 ct

126 1065 204 1113 atate
217 1059 428 1130 quamplurimo,
448 1069 473 1117 et
494 1061 599 1118 beatum
616 1080 718 1135 semper
736 1081 797 1120 cum
811 1071 867 1120 tota
878 1064 953 1119 maso

127 1154 185 1211 tna,
197 1155 227 1202 ut
240 1149 370 1218 ecepimus,
386 1150 527 1206 babeamus
542 1154 572 1207 in
588 1153 707 1216 Cbristo,
727 1152 833 1209 domim
851 1153 951 1225 frater,

125 1236 221 1291 merito
234 1237 463 1295 bonorandissime
479 1248 503 1295 et
515 1241 773 1298 desiderantissime.

161 1328 188 1380 4.
204 1326 284 1381 Audi
292 1343 365 1397 erqo,
377 1328 442 1398 filii,
457 1328 537 1400 leqem
550 1331 704 1402 potemini,
717 1331 954 1403 idestbdemdu·

126 1415 247 1484 pectini,
256 1422 280 1470 et
292 1415 351 1470 eroli
363 1417 616 1488 repellereconsiliu
624 1421 722 1477 matris
730 1428 792 1486 trem,
804 1420 873 1493 quod
882 1438 953 1493 aque

126 1519 220 1557 mmen
235 1504 265 1559 in
280 1511 304 1558 te
319 1507 470 1576 depectini
479 1508 566 1578 pietus
574 1509 642 1579 jure
655 1509 708 1564 sibi
722 1509 854 1576 uindicat,
870 1509 953 1581 quite

125 1592 269 1647 tantillum
287 1597 401 1665 pertavit
415 1597 481 1652 sinu
494 1614 551 1663 suo,
570 1606 594 1654 et
608 1615 625 1652 a
640 1598 763 1669 paroeciis
779 1601 870 1671 primo
886 1601 954 1655 lacte

124 1681 266 1751 sapientia
277 1683 408 1738 secularis
422 1684 565 1752 imbutum,
579 1702 650 1742 nnnc
665 1687 746 1743 etiam
760 1687 954 1758 spiritualibus

128 1768 229 1825 lactare
244 1778 270 1826 et
281 1773 408 1828 enutrire
418 1774 529 1829 Domino
543 1777 621 1845 pectit
633 1775 768 1832 uberibus.
783 1776 915 1843 Quoniam
930 1783 954 1833 te

125 1859 252 1914 adultum
263 1867 487 1932 ututeaorporea,
500 1864 528 1918 in
539 1865 731 1936 spiritualibus
740 1866 826 1922 adbuc
835 1865 955 1922 custabu·

128 1949 162 2004 lis
176 1949 334 2018 capientem,
347 1951 418 2007 uidet
429 1951 519 2008 adbuc
531 1953 664 2024 insontem
674 1954 754 2011 verbo
766 1955 828 2021 Dei,
842 1955 955 2013 niodum

126 2037 157 2092 in
174 2038 281 2094 Christo
294 2040 394 2110 primis
406 2041 532 2111 passibus
547 2048 571 2097 et
588 2043 700 2114 nestiqio
711 2044 846 2100 titubante
860 2060 955 2116 repen-

126 2128 220 2191 tem‚si
227 2133 314 2183 tumen
324 2128 476 2200 Auqusts'ni
483 2131 744 2204 doctrinatanqnum
752 2150 847 2188 manus
856 2136 955 2191 matris

126 2223 151 2272 et
166 2217 232 2272 ulna
251 2219 367 2274 nutricis
387 2219 543 2276 instabilem
563 2229 639 2293 repat
658 2223 812 2294 parensium.
832 2224 916 2290 Quem
930 2224 955 2279 si

125 2307 223 2362 audias
241 2315 266 2363 et
282 2310 413 2379 sequaris,
436 2317 466 2365 at
485 2327 597 2366 rursum
622 2315 647 2366 te
668 2328 787 2368 somnone
805 2312 955 2368 Salomoms

125 2396 258 2460 alliciam,
276 2398 335 2463 Fili,
352 2414 496 2454 neronum
509 2400 637 2472 accipies
650 2402 813 2470 gruiinrum
826 2408 878 2458 tuo
893 2418 955 2458 ver·

128 2486 175 2542 tici
193 2487 285 2556 (Pron.
301 2503 338 2552 tv,
354 2487 393 2558 9).
416 2488 452 2542 Et
468 2496 531 2544 tunc
554 2504 617 2546 uere
631 2490 687 2544 eris
700 2490 747 2546 ille
761 2508 814 2547 non
826 2491 956 2562 pboutas·

126 2579 196 2630 male
212 2578 373 2639 somniatus,
395 2576 440 2631 sed
461 2577 493 2631 ab
510 2579 568 2648 ipsu
582 2579 695 2634 ueritate
712 2580 848 2650 forsenatus
861 2580 956 2636 consul

127 2665 393 2736 etpontiseu,oacnus
404 2667 524 2738 imaqine
532 2667 698 2739 sulsioperir
708 2668 833 2741 implente
846 2669 956 2726 Cbristo

127 2754 221 2810 solidis
235 2771 289 2809 sues
300 2755 466 2824 operationis
475 2757 619 2827 effectibus.
638 2757 703 2813 Vere
715 2758 786 2815 enim
799 2759 923 2830 pontifex
931 2765 955 2815 el

128 2861 187 2898 uere
201 2843 304 2908 consul,
320 2843 702 2918 Licenti,eris,si1lupustini
715 2846 834 2918 nestipiis
841 2847 956 2919 propbe-

128 2933 190 2988 ticis
209 2940 233 2988 et
247 2932 401 3003 apostolicis
415 2933 579 3005 disciplinis,
604 2944 634 2991 ut
652 2944 759 2991 sacrato
778 2936 871 2992 beatus
893 2937 956 2992 lili-

127 3039 194 3078 seeus
208 3021 289 3090 lilia,
304 3030 334 3079 ut
348 3022 460 3082 illustri
481 3023 607 3095 Apostolo
626 3025 778 3081 Timotheus
792 3025 954 3091 adolescens,

127 3110 274 3178 adhaereas,
291 3112 427 3168 indivulso
439 3130 488 3184 per
503 3114 606 3169 itinera
620 3114 716 3170 divina
730 3116 869 3181 comitutu,
885 3122 916 3171 ut
930 3123 954 3172 et

126 3202 308 3257 sacerdotium
324 3202 403 3259 cmde
421 3204 541 3275 perfecto
561 3203 650 3259 ducas
669 3206 781 3274 mereri,
801 3211 826 3260 et
845 3205 956 3276 populis

126 3290 166 3344 ad
179 3290 292 3346 salutem
305 3291 435 3362 mopistro
448 3309 494 3347 ore
504 3292 653 3350 somniare.

163 3384 189 3434 5.
205 3378 252 3434 Sat
265 3378 313 3434 boc
325 3381 438 3435 monitis
452 3387 476 3435 et
489 3380 613 3437 bortatui
620 3401 629 3438 :
639 3381 742 3437 modia)
752 3383 824 3437 enim
836 3398 955 3438 sermone

127 3475 153 3522 et
163 3467 254 3522 labore
264 3475 288 3523 te
300 3466 433 3535 arbitror,
441 3469 481 3522 mi
490 3468 604 3536 licenti,
613 3469 649 3524 ad
660 3471 953 3540 Cbristumposscinci·

129 3556 197 3621 teri,
204 3556 263 3626 jam
275 3557 435 3628 apnerisad
444 3557 535 3613 studia
547 3559 672 3615 seruatis
684 3565 709 3614 et
723 3559 873 3630 sapientia,
884 3558 955 3631 quod

128 3651 271 3717 utrumqne
289 3661 351 3702 nere
374 3654 413 3701 est
431 3647 568 3713 Cbristue,
591 3654 616 3703 et
641 3648 727 3703 omnis
746 3647 809 3704 boni
821 3665 955 3705 summum

128 3732 224 3789 bonum
234 3735 399 3790 uenerabilis
412 3737 561 3807 depertini
571 3737 676 3808 spiritu
686 3738 954 3808 etoretlommntum.

130 3823 183 3889 Qui
191 3823 323 3894 siparum
335 3825 411 3896 apud
418 3833 500 3897 tepra
511 3832 535 3881 te
544 3826 641 3894 naluit,
655 3827 720 3899 quid
731 3844 776 3899 epo
786 3833 860 3883 tanto
869 3827 956 3883 inter·

127 3912 199 3968 natta
208 3915 351 3985 posterior,
358 3920 383 3969 et
392 3916 512 3970 omnium
522 3915 601 3972 iltius
606 3932 686 3988 opum
693 3933 807 3988 pauper,
818 3917 957 3989 efficiant

128 4001 372 4075 Sedquiaetiltius
381 4003 741 4075 facultatispotentiu,ettui
750 4005 856 4076 inqenii
863 4005 957 4061 bunna·

128 4092 215 4146 nitate
226 4093 351 4162 confisus,
365 4093 491 4163 pleniora
502 4100 581 4164 atque
590 4094 696 4165 majora
706 4095 735 4148 in
749 4101 775 4148 te
784 4111 862 4164 spero
872 4093 958 4149 elabe-

128 4187 192 4234 rata
201 4180 550 4249 qnameluboranda,ausns
559 4198 617 4237 snm
626 4182 727 4238 biscere
737 4183 842 4253 duplici
853 4185 956 4252 qratia,

127 4276 157 4324 ut
163 4276 187 4324 et
194 4268 240 4324 itti
246 4270 304 4326 nn'ro
310 4269 733 4343 debita-cbaritntecompararer¹
742 4271 959 4328 insollicitudiue

127 4360 180 4425 tui,
192 4367 216 4414 et
224 4359 299 4415 inter
308 4376 348 4415 eos
357 4358 806 4434 quisolutemtuamdiliqunta,nel
814 4367 959 4417 materiata

127 4465 291 4504 numerarer
302 4449 409 4520 affectu.
420 4450 490 4506 Nam
502 4451 624 4522 effectius¹
637 4451 719 4506 intui
730 4451 891 4523 perfectione
900 4450 959 4522 pal·

127 4556 203 4592 mam
216 4539 370 4609 Anqtsstino
384 4539 553 4610 potissimum
572 4539 736 4596 destinatam
754 4541 819 4596 seio.
845 4541 957 4607 Vereor,

128 4626 221 4698 filine
235 4644 314 4682 aures
327 4636 387 4684 tuas
399 4629 545 4701 asperitate
556 4631 833 4685 temerariisermonis
844 4629 959 4700 offende-

127 4719 192 4781 rim,
208 4724 233 4772 ιι
245 4734 296 4786 per
308 4734 389 4773 aures
402 4720 583 4774 animantiam
596 4725 642 4774 tuo
654 4718 731 4775 taedii
740 4719 794 4774 mei
806 4720 903 4776 nntnus
918 4722 960 4776 in·

127 4805 247 4861 tulerim.
261 4808 315 4863 Sed
325 4810 479 4864 tumentem
489 4811 562 4864 uenit
574 4808 688 4879 epistola
700 4816 758 4876 tua,
775 4826 829 4880 qua
839 4810 958 4865 ternuei-

128 4896 167 4951 cis
177 4895 347 4966 familiarem
359 4897 443 4952 modis
453 4898 577 4953 intelleei
586 4898 641 4970 lap:
654 4913 673 4955 u
684 4915 735 4970 qno
747 4898 838 4954 studio
848 4915 894 4969 epo
905 4900 960 4955 esni

127 4986 608 5059 quondamtuinanabborrui.itaque
614 4987 803 5043 mibiadtuam
809 4988 960 5053 mentemst

129 5078 159 5132 in
178 5077 271 5149 aliquo
285 5076 493 5141 exulcerassem,
515 5075 698 5132 deliniendam
712 5077 870 5141 remedium,
887 5077 957 5132 litte-

127 5183 175 5221 ras
187 5174 251 5222 tuas
265 5166 425 5222 reeordatus
438 5168 539 5238 reperi,
553 5172 584 5222 ut
598 5174 623 5222 te
635 5167 671 5222 ad
686 5166 835 5222 Dominum
847 5166 956 5222 barmo-

128 5257 181 5310 nite
199 5255 368 5326 onsseisormis
388 5257 529 5327 artificem,
549 5255 733 5311 modulamine
751 5255 882 5310 carminis
900 5272 957 5311 eun·

160 5381 167 5412 i
183 5378 260 5434 End..
269 5378 386 5428 devincta
394 5381 519 5430 ebaritote
528 5384 700 5442 compararet.
709 5379 771 5429 ides.
782 5383 851 5440 octo,
860 5379 891 5430 de
901 5380 956 5431 cita

131 5440 297 5491 utebaritnte.
312 5442 362 5490 hili
377 5457 442 5492 sex:
459 5443 544 5492 debita
557 5443 691 5492 ebaritate.

161 5502 247 5551 ’ides
263 5501 410 5553 duodecim.
424 5505 535 5567 apertus.

159 5565 197 5629 ia)
215 5564 328 5616 carmen
341 5565 441 5616 licentii
456 5571 612 5621 contentum
627 5567 704 5632 epist.
718 5567 757 5619 th.

1130 811 1229 848 ebulliit
1245 809 1388 848 BCBClell!
1404 808 1502 845 thuhtttt
1517 808 1550 844 hh
1565 807 1711 845 utenhusen.

1037 878 1120 940 Onnes
1133 892 1188 943 spe,
1204 892 1290 942 rumpe
1305 889 1394 932 moras,
1410 883 1434 925 et
1454 873 1536 924 vincis
1550 873 1647 923 tenucin
1661 874 1743 925 sccii:

1068 942 1122 992 Nec
1138 947 1234 990 metuas
1247 939 1338 1005 pineidi
1352 939 1411 988 mite
1421 937 1507 1000 jupam
1521 936 1632 986 Domini.

1038 1002 1144 1052 Pniclnrn
1158 1003 1265 1068 quidem,
1281 1001 1325 1051 sed
1340 1002 1403 1050 mire
1417 1000 1486 1063 vaqis
1498 999 1631 1064 praesentis
1646 1013 1728 1049 rernm

1070 1065 1201 1122 hiantibus,
1218 1073 1245 1114 ιιι
1259 1064 1359 1129 sepiens
1377 1076 1427 1112 non
1445 1069 1527 1126 stupet
1540 1062 1587 1111 iste
1605 1060 1710 1111 animus.

1039 1125 1108 1177 Nunc
1126 1137 1148 1178 te
1162 1127 1279 1179 sollicitet
1293 1126 1367 1176 seriis
1382 1125 1524 1175 mnissundn
1540 1123 1633 1188 liguris,

1070 1191 1123 1240 Heu
1137 1193 1143 1237 i
1161 1190 1261 1240 validas
1278 1190 1351 1238 etism
1365 1196 1460 1239 testere
1476 1186 1553 1236 Romu
1564 1194 1672 1251 potens;

1039 1252 1086 1303 Sed
1102 1251 1156 1308 tibi,
1172 1263 1238 1309 nats,
1250 1266 1342 1316 precor.
1354 1264 1452 1314 semper
1478 1258 1531 1298 nter
1543 1249 1700 1312 Augustiana

1069 1313 1192 1373 (incurset,
1207 1322 1304 1364 cunctus
1319 1312 1393 1365 Urbis
1404 1314 1435 1363 nd
1448 1264 1586 1384 iiiecsbrns.

1039 1376 1111 1427 Ilium
1124 1385 1193 1426 tenta
1205 1377 1269 1427 inter
1278 1376 1372 1439 trngiiis
1391 1375 1534 1425 discrimine
1546 1374 1602 1423 eitun

1071 1440 1209 1502 ispiciens,
1224 1448 1250 1489 et
1271 1438 1365 1489 habens
1381 1446 1487 1502 pectore,
1500 1442 1569 1485 tutus
1580 1435 1642 1490 eris.

1039 1499 1091 1551 iioa
1103 1511 1184 1551 temen
1197 1510 1221 1552 et
1231 1509 1342 1564 repetens
1356 1500 1494 1563 iterumque
1507 1499 1645 1564 iterumque
1658 1496 1773 1557 mancha,

1071 1563 1102 1614 Ut
1118 1564 1196 1626 inqins
1212 1563 1280 1613 darm
1295 1563 1388 1613 lubrice
1403 1562 1508 1617 milities.

1038 1626 1159 1676 Blandum
1174 1640 1262 1676 nomen
1278 1625 1365 1685 honos,
1380 1625 1448 1674 main
1459 1625 1575 1680 sentitus,
1585 1623 1668 1674 exitus
1681 1637 1746 1688 seper

1069 1689 1146 1748 Quem
1161 1702 1226 1738 nunc
1241 1688 1303 1739 ueiie
1316 1690 1393 1752 juvet,
1408 1700 1464 1737 mos
1479 1686 1588 1735 voluisse
1602 1685 1678 1751 piget.

1039 1749 1161 1800 Scandere
1174 1753 1242 1800 ceisu
1262 1751 1343 1814 juvat,
1358 1758 1449 1800 tremor
1463 1756 1500 1798 est
1515 1747 1662 1799 descendere
1674 1747 1746 1799 celsis
1760 1759 1766 1797 :

1070 1813 1096 1862 Si
1106 1812 1206 1869 titubes,
1224 1826 1321 1862 summu
1334 1809 1446 1877 psinsnh
1457 1825 1511 1861 nrce
1521 1810 1603 1860 mdes.

1039 1875 1110 1926 Nunc
1124 1875 1167 1926 tibi
1185 1874 1249 1925 tnisu
1266 1875 1362 1936 placent
1380 1875 1453 1933 hone,
1472 1887 1537 1923 nunc
1557 1872 1622 1937 rapit
1633 1871 1753 1923 omnibus
1767 1872 1835 1924 tatis

1071 1938 1194 1994 Ambitus,
1214 1946 1238 1987 et
1251 1937 1328 1988 uitreo
1338 1937 1385 1987 lert
1397 1950 1457 1986 cave
1472 1935 1538 1985 inme
1551 1936 1616 1984 sinu.

1038 2001 1084 2050 Ast
1097 2000 1142 2050 ubi
1158 2010 1181 2050 ιι
1198 2014 1286 2063 magno
1300 2001 1391 2050 damno
1408 1997 1556 2049 succinxerit
1570 2005 1657 2063 empto
1672 1998 1681 2032 ¹

1071 2063 1196 2118 Baitheus,
1209 2072 1233 2112 ιι
1245 2063 1335 2127 sterilis
1347 2062 1443 2121 tenuerit
1454 2061 1512 2110 inde
1522 2059 1601 2120 inber,

1039 2127 1113 2176 Serus
1127 2133 1151 2175 et
1166 2125 1289 2175 incussum
1300 2138 1356 2188 spes
1368 2121 1494 2173 neenssbis
1506 2122 1602 2179 lennes,

1070 2188 1100 2238 iit
1116 2187 1188 2238 modo
1201 2202 1259 2252 quus
1279 2188 1364 2242 nectis,
1385 2200 1498 2249 rumpere
1515 2183 1596 2236 vincis
1610 2183 1696 2233 voles:

1039 2250 1108 2301 Tunc
1126 2250 1290 2299 reminisceris
1304 2250 1394 2299 trustra
1408 2249 1485 2313 putris
1500 2246 1634 2307 Augustini

1071 2311 1254 2375 Contempsisse
1270 2311 1356 2362 dniens
1369 2310 1490 2361 veridicas
1503 2309 1619 2359 monitus.

1039 2375 1119 2436 Quare
1133 2375 1154 2422 si
1171 2375 1278 2438 sapiens,
1297 2383 1322 2425 et
1337 2375 1358 2423 si
1375 2374 1430 2436 pins
1447 2380 1485 2424 nst
1499 2386 1567 2435 puer,
1581 2370 1650 2427 endi,

1071 2437 1102 2487 Et
1118 2451 1176 2500 cepe
1195 2438 1271 2487 verbu
1289 2444 1393 2501 petrum,
1409 2435 1594 2497 consiliumque
1609 2447 1708 2483 senum.

1040 2500 1103 2561 unic
1119 2499 1223 2549 retrahis
1240 2499 1289 2548 iere
1308 2498 1371 2548 coila
1381 2498 1461 2561 jnqos
1476 2510 1530 2545 mes
1544 2497 1641 2545 sarcina
1654 2495 1728 2553 lenis,

1071 2562 1153 2612 Snuve
1166 2564 1189 2621 in
1207 2576 1246 2611 nm
1262 2560 1354 2610 Christi
1368 2569 1414 2616 est,
1426 2573 1474 2610 uox
1485 2558 1533 2624 pin,
1545 2560 1615 2609 crede
1630 2558 1699 2608 Dea:

1040 2624 1070 2674 Et
1083 2633 1158 2687 enpust
1167 2577 1230 2673 eride
1241 2623 1314 2687 jugis,
1327 2623 1358 2672 de
1373 2621 1492 2672 mnitibus
1505 2635 1548 2671 ιιι
1559 2621 1680 2685 capistris,

1072 2687 1196 2736 Demissos
1216 2700 1246 2735 ns
1263 2686 1310 2735 ievi
1322 2685 1401 2736 subde
1414 2686 1530 2735 humeros
1539 2684 1616 2733 oneri.

1040 2747 1109 2799 Nunc
1121 2757 1190 2812 potes
1223 2761 1260 2802 na,
1275 2749 1333 2796 dnm
1349 2747 1412 2797 iiber
1424 2748 1484 2811 nqis,
1499 2747 1559 2796 dum
1572 2745 1641 2795 nuile
1652 2747 1777 2815 retentnnp

1072 2810 1188 2866 Vincnis.
1201 2810 1272 2860 nniin
1291 2811 1355 2859 thari
1369 2823 1436 2866 euru,
1452 2823 1497 2859 nee
1510 2809 1574 2858 sitne
1590 2809 1676 2857 henne.

1039 2874 1097 2924 Hier
1114 2873 1180 2923 bons
1198 2873 1309 2928 libertus,
1327 2872 1425 2922 Christe
1446 2871 1547 2928 servire,
1562 2878 1587 2920 et
1604 2870 1699 2934 inipso

1069 2933 1190 2986 Omnibus
1204 2949 1257 2985 esse
1268 2948 1360 2998 supra:
1375 2949 1424 2984 non
1438 2934 1544 2984 dominis
1558 2932 1697 2993 honninum,

1039 2999 1094 3048 lion
1109 2998 1178 3047 vitiis
1192 2998 1276 3048 servit.
1293 3011 1343 3046 nau
1357 2996 1455 3060 regibus
1469 2996 1509 3044 liis
1526 2994 1649 3059 superbis,

1071 3060 1176 3109 Tantum
1194 3059 1240 3124 qni
1262 3058 1358 3108 Christo
1372 3074 1398 3109 se
1415 3057 1509 3108 dederit
1525 3058 1639 3108 Donnino.

1040 3122 1088 3174 Nec
1105 3122 1149 3173 tihi
1163 3122 1279 3173 nobilitas
1296 3120 1408 3172 sidentur
1421 3118 1508 3175 libere.
1525 3133 1600 3185 quum
1618 3133 1683 3169 nnnc

1071 3185 1206 3236 Sublimem
1217 3185 1323 3235 attonita
1336 3183 1458 3257 conspicis
1473 3181 1539 3233 Urbe
1552 3182 1617 3255 vehi.

1039 3248 1117 3308 Quum
1134 3246 1216 3296 cornis
1234 3253 1303 3295 tenta
1317 3245 1365 3296 sihi
1384 3246 1498 3297 iubentute
1515 3243 1603 3301 rideri,

1074 3311 1104 3362 Ut
1120 3309 1263 3372 dedignetur
1277 3308 1372 3359 ilectsre
1386 3308 1450 3358 eoiin
1467 3306 1523 3358 Dec.

1039 3372 1124 3423 linitis
1135 3372 1177 3421 iiie
1192 3372 1268 3420 miser
1279 3370 1433 3426 mantelibus,
1450 3378 1475 3419 et
1491 3383 1589 3434 quoqne
1603 3368 1682 3418 ιιιιιι

1071 3434 1159 3489 Sertit,
1176 3442 1201 3483 ιι
1212 3433 1315 3483 nnaiiias
1330 3441 1358 3482 ut
1371 3433 1535 3490 dominentur,
1551 3431 1618 3480 emit.

1039 3495 1133 3548 Norunt
1145 3496 1271 3545 eunuchos
1284 3502 1309 3545 et
1322 3508 1410 3557 mnqns
1424 3494 1518 3559 pristin
1528 3493 1603 3558 pessi,

1070 3559 1102 3609 Et
1113 3560 1227 3623 quisquis
1242 3559 1353 3613 Romam,
1369 3565 1456 3621 sponte
1471 3558 1554 3611 miser,
1568 3554 1681 3619 petitur:

1040 3622 1136 3683 Quanta
1152 3620 1248 3670 sudoris
1264 3620 1350 3678 pretio,
1362 3619 1452 3669 destina
1471 3634 1500 3669 ne
1510 3618 1605 3669 decoris

1071 3683 1171 3733 Contsst
1186 3681 1223 3732 ibt
1240 3681 1388 3745 chlamydis,
1403 3682 1441 3730 hie
1454 3633 1537 3731 bonor
1550 3679 1636 3730 othei.

1040 3743 1089 3796 lise
1105 3754 1186 3794 tumen
1198 3746 1251 3809 ipss
1268 3753 1361 3805 potens,
1378 3744 1421 3809 qui
1433 3743 1519 3793 celsior
1530 3742 1646 3794 omnihus
1660 3755 1716 3793 este

1073 3807 1175 3863 [imerii.
1190 3815 1217 3856 ιιι
1231 3806 1296 3857 nulii
1310 3807 1410 3863 serviet,
1422 3806 1577 3869 assequitur.

1041 3870 1102 3921 Cum
1117 3869 1179 3920 bens
1196 3884 1222 3918 se
1234 3876 1286 3918 totn
1302 3868 1428 3919 dominum
1445 3867 1577 3930 jactaverit
1592 3866 1667 3925 Urbe,

1073 3933 1153 3982 Servis
1167 3932 1306 3983 demoniis.
1324 3932 1345 3980 si
1360 3931 1493 3981 simulacre
1508 3930 1574 3980 coiit.

1043 3993 1108 4044 Proh
1121 3993 1208 4044 dolori
1225 3995 1270 4043 hos
1287 4001 1389 4057 propter
1403 3992 1534 4042 remoreris
1552 3993 1578 4042 in
1595 3990 1670 4050 llrhs,
1686 3991 1780 4042 Licenti

1076 4058 1105 4107 iit
1116 4071 1215 4119 reqnnm
1229 4055 1318 4105 Christi
1332 4055 1436 4120 spernis,
1453 4064 1480 4105 nt
1495 4056 1535 4104 his
1549 4054 1667 4118 pisceus:

1044 4119 1094 4168 ilos
1108 4120 1203 4168 vocius
1215 4118 1339 4173 dominos,
1354 4132 1429 4167 curun
1440 4125 1466 4167 st
1475 4118 1569 4166 cervice
1581 4115 1684 4173 seium,

1075 4183 1140 4240 Quos
1155 4182 1213 4244 liqui
1226 4194 1310 4231 servos
1322 4180 1445 4244 conspicis
1455 4187 1480 4228 et
1491 4179 1585 4242 lepidis
1599 4179 1605 4227 l

1043 4242 1146 4293 Nomine
1160 4243 1244 4294 divina
1257 4252 1384 4307 sequutum
1397 4249 1544 4292 veneruntne
1554 4248 1578 4291 et
1588 4253 1688 4298 nurum,

1075 4305 1183 4370 Reiiiqio
1197 4313 1235 4355 est
1250 4307 1317 4369 quod
1333 4313 1399 4354 umet
1416 4304 1517 4354 morbus
1528 4301 1650 4356 anamiim.

1044 4367 1166 4479 imprecor
1181 4369 1227 4417 hos
1242 4377 1269 4418 ut
1280 4376 1356 4429 emet,
1371 4368 1477 4431 quinon
1493 4375 1560 4415 amnt
1572 4365 1747 4429 enqnsunnn,

1097 4445 1128 4480 on
1147 4430 1247 4480 saintet
1263 4431 1395 4484 Christum,
1411 4429 1452 4478 cni
1463 4428 1543 4493 piacet
1557 4427 1602 4476 hos
1614 4429 1701 4477 coiere.

1044 4491 1105 4543 Indo
1121 4492 1156 4542 eit
1172 4494 1225 4556 ipss
1240 4492 1314 4551 Deus,
1331 4491 1439 4542 dominis
1455 4504 1504 4540 non
1525 4504 1594 4554 posse
1611 4489 1709 4540 duobus

1076 4556 1184 4612 Semini:
1216 4554 1316 4605 nonium
1330 4568 1399 4604 mens
1414 4554 1492 4616 piacet
1506 4567 1556 4602 unu
1569 4551 1634 4602 Deo:

1044 4617 1097 4668 Une
1113 4618 1185 4673 tides,
1198 4569 1265 4666 bens
1279 4631 1353 4672 unns,
1367 4615 1517 4665 cluniense
1534 4615 1603 4664 Putre
1614 4613 1735 4671 Christus,

1076 4681 1150 4730 Hand
1166 4680 1257 4744 duplex
1271 4680 1315 4729 uni
1329 4677 1434 4729 seruitus
1448 4685 1486 4727 eet
1498 4678 1607 4726 domina.

1044 4742 1141 4802 Quanta
1150 4744 1244 4793 etenim
1258 4741 1319 4791 coeio
1333 4753 1361 4790 nc
1373 4743 1442 4789 tersis
1453 4740 1582 4794 distentis,
1598 4747 1668 4789 muts
1678 4746 1717 4791 est

1076 4804 1183 4854 Coesnris
1202 4813 1227 4855 et
1247 4804 1336 4855 Christi
1354 4802 1430 4853 rebus
1448 4810 1472 4850 ιι
1490 4802 1607 4864 impertis.

1043 4865 1138 4917 'iniisse
1154 4866 1238 4925 humo,
1253 4867 1295 4916 sed
1311 4879 1376 4915 nunc
1385 4865 1445 4914 dnm
1459 4864 1565 4928 Spiritus
1578 4864 1624 4913 hos
1633 4863 1694 4927 regit
1704 4871 1782 4925 ιιιιιι,

1075 4930 1154 4980 Mente
1166 4928 1247 4993 polum
1262 4936 1368 4989 ριιιιιιι,
1380 4927 1415 4976 ιιι
1428 4940 1497 4977 mors
1506 4927 1588 4975 curnis
1600 4927 1682 4977 obest.

1043 4991 1173 5054 Corporale
1183 4991 1237 5055 jum
1252 5004 1320 5041 nnnc
1341 5004 1434 5039 morere
1448 4987 1552 5046 actibus,
1568 4996 1591 5038 et
1607 4988 1673 5039 hona
1692 4989 1749 5039 vitm

1074 5053 1189 5105 Coeiestis
1203 5052 1300 5117 liquido
1320 5051 1492 5117 prenmcditsre
1507 5052 1604 5100 enimn.

1042 5115 1147 5179 Spiritus
1161 5131 1196 5171 es.
1216 5129 1359 5181 quanquam
1372 5116 1478 5163 tenensis
1490 5127 1600 5178 corpore,
1617 5112 1640 5162 si
1652 5126 1717 5163 nnnc

1074 5179 1153 5227 Mente
1171 5178 1210 5243 pin
1223 5178 1299 5228 sictut
1312 5178 1393 5226 menis
1407 5190 1469 5237 opus
1487 5179 1605 5238 perimus.

1042 5241 1100 5292 iisse
1117 5240 1170 5296 tibi.
1189 5243 1262 5290 chere
1294 5254 1343 5293 ner.
1363 5239 1413 5288 ilde
1427 5242 1437 5272 ¹
1453 5253 1506 5288 enm
1526 5239 1594 5289 uisus
1618 5250 1701 5287 rmore

1073 5303 1165 5368 Scripsi
1179 5320 1185 5363 ;
1201 5301 1222 5352 si
1239 5254 1338 5365 recipis,
1355 5300 1490 5365 suscipiere
1508 5253 1566 5352 Bes.

1042 5446 1049 5477 ι
1074 5443 1115 5494 ιιι
1138 5443 1165 5492 in
1184 5441 1334 5507 potioribus
1357 5442 1420 5493 hies.
1439 5444 1473 5493 ht
1496 5443 1524 5493 in
1550 5443 1679 5502 excursis,
1703 5443 1844 5498 damnarer

1011 5507 1122 5556 eiecerit
1137 5510 1210 5555 astu.

1044 5566 1144 5626 suad,
1161 5567 1229 5635 fidei.
1247 5570 1280 5618 nt
1291 5566 1354 5620 tiss.
1370 5567 1534 5634 quindecim,
1548 5567 1609 5635 fido.
