3952 6128
88 144 156 211 1061
707 146 962 209 Ertsrctrlttlttt
980 146 1128 213 utlssts
1145 149 1199 215 IV.
1730 163 1799 223 ¹082

85 276 318 351 partsauriculis
330 293 483 351 suspensis
496 277 680 352 deputantur
694 295 704 350 3
719 292 781 334 uon
799 276 838 334 ad
847 276 913 350 pla·
970 275 1044 343 vult,
1053 274 1597 350 quistatosedicitcoseiumfecisseid
1606 284 1690 359 quod
1698 290 1800 362 argui.

87 364 513 435 cendumhominibus,sedsd
523 366 713 424 serviendum
724 365 914 424 daemonibus
970 368 1035 433 tur;
1051 365 1154 423 redeat
1162 363 1201 423 ed
1212 365 1356 438 seipsum,
1367 372 1463 425 servet
1474 369 1532 428 hoc
1539 371 1571 429 in
1583 373 1655 444 suis,
1670 391 1732 434 non
1748 395 1797 438 ca·

85 454 255 514 adhibetur.
265 457 335 523 Quis
346 462 447 515 autem
461 455 556 531 possit
571 455 717 530 speciales
729 455 913 513 nefariarum
970 455 1058 526 stiget
1068 453 1303 522 servumturem
1312 470 1375 512 non
1385 456 1422 512 de
1431 460 1646 520 contumelioso
1658 464 1798 525 filiocon-

86 544 592 620 superstitionumprohibitionesin
605 544 911 620 scripturisinveuire‚
969 551 1121 616 queratur,
1137 543 1233 601 vicino
1245 544 1386 616 improbo
1396 559 1457 602 uon
1469 547 1609 608 minetur.
1622 553 1699 617 Quid
1714 559 1795 615 enim

85 633 835 709 cumgeneraliterApostolusdicst,Nolocossocios
846 631 913 703 βοή
967 630 1077 688 1ιοιιιιιι
1091 631 1211 699 iaciens,
1216 631 1296 704 juste
1304 632 1796 716 iacit,siomnesaquibusinjuriss

84 723 296 782 daemoniorum
313 726 336 795 (1
350 725 417 783 Gor.
431 742 462 795 x,
477 725 522 798 20)
538 726 553 784 i
568 726 728 791 etiterum,
744 723 815 791 Osse
833 723 912 780 enim
968 721 1088 794 petitur,
1103 736 1166 778 non
1180 720 1270 794 culpa
1282 738 1349 791 sua,
1363 722 1416 780 sed
1428 723 1490 782 iulo
1502 726 1697 800 impelluntur
1712 739 1744 792 ut
1754 734 1795 794 ta-

85 813 281 872 eonsonomia
297 813 407 873 Christi
419 815 461 873 ud
472 815 612 889 Beliolttl
623 814 693 873 Cor.
706 829 747 882 vr,
763 815 808 885 15)
823 811 911 870 tNisi
967 809 1047 868 cient
1058 808 1073 865 i
1085 811 1114 868 Si
1127 815 1229 868 autem
1236 810 1304 882 jure
1317 813 1477 885 proprioet
1489 818 1712 887 pauistemilias
1730 822 1795 880 dilt-

84 901 158 960 lorte
170 903 243 976 quis
258 901 347 960 Belial
363 905 540 969 neminavit,
552 909 582 960 et
596 903 767 975 generalem
784 901 910 959 societa-
966 900 1076 972 gentis,
1096 915 1306 973 quoscumque
1320 900 1458 958 homines
1475 918 1529 976 pro
1542 910 1675 981 tempore
1687 910 1719 968 in
1741 929 1795 987 po-

84 992 370 1050 temdaemoniorum
377 991 792 1066 prohibuit,licetChristianis
801 989 911 1048 sacriti-
966 991 1071 1046 testate
1085 988 1186 1059 habet,
1202 988 1337 1046 hortatur
1348 989 1521 1066 adbonum‚
1532 994 1660 1055 deterret
1674 1002 1794 1072 amalo,

83 1095 152 1139 care
177 1080 325 1154 Neptuno,
354 1083 428 1156 quia
460 1082 535 1140 nihil
562 1082 682 1155 proprie
710 1082 749 1138 de
773 1083 910 1153 Neptuno
965 1077 1796 1155 imperatsuaevoluutatiutobtempereut,honorsteos

84 1169 662 1242 vetitumlegimusillonesnturinterim
669 1168 912 1241 miseri,utsiob·
965 1166 1017 1239 qui
1032 1166 1090 1223 sibi
1105 1166 1144 1223 ad
1159 1173 1263 1224 nutum
1277 1168 1432 1236 obediunt,
1446 1170 1579 1230 vindicat
1588 1174 1619 1232 in
1632 1191 1684 1235 eos
1698 1181 1797 1254 quise

83 1263 251 1333 temperare
271 1259 542 1335 uoluntproeceptis
557 1259 787 1326 salubrioribus,
803 1257 910 1315 saltem
965 1261 1170 1321 contemnunt,
1185 1256 1322 1329 rependit
1341 1258 1469 1329 gratiam
1484 1260 1640 1335 beneficis,
1663 1269 1726 1327 edit
1749 1270 1797 1329 in-

84 1348 240 1421 sscrilegia
251 1364 309 1407 sua
321 1365 383 1408 uon
395 1349 566 1417 defendant,
582 1364 621 1406 ue
634 1347 743 1423 majori
753 1363 785 1404 se
799 1347 910 1405 scelere
966 1349 1085 1417 gratos;
1107 1360 1200 1417 egone
1215 1347 1396 1419 exspectabo
1408 1354 1550 1409 utcontra
1561 1352 1621 1412 iata
1632 1355 1794 1431 disputem,

84 1437 246 1511 implicent.
262 1438 339 1504 Quid
349 1443 529 1496 autemeam
539 1439 582 1495 eis
594 1438 746 1510 agendum
758 1436 805 1507 sit,
816 1436 842 1492 si
853 1435 912 1493 sol·
966 1449 1036 1490 cum
1051 1439 1133 1492 tenta
1143 1451 1213 1492 eum
1226 1451 1287 1493 uon
1299 1435 1406 1506 verbis,
1421 1438 1474 1496 sed
1486 1439 1571 1498 rasos
1582 1443 1683 1518 eloqui
1692 1447 1796 1523 depre.

80 1540 152 1586 vere
167 1527 287 1585 inaures
299 1526 413 1593 timent,
437 1533 464 1584 et
483 1542 592 1600 corpus
604 1525 712 1585 christi
732 1541 802 1582 cum
823 1525 912 1596 siguo
965 1520 1110 1590 hebdam,
1124 1529 1156 1580 ut
1167 1525 1410 1597 propemanibus
1422 1528 1797 1597 suisomnesmatbemati-

81 1615 196 1673 diaboli
209 1616 342 1690 accipere
355 1630 416 1673 non
432 1615 560 1674 timenti
573 1617 613 1673 lie
623 1614 794 1673 ordinando
808 1620 909 1673 autem
965 1625 1071 1669 corum
1081 1612 1205 1685 capillos
1217 1629 1307 1687 super
1319 1616 1417 1687 capita
1431 1632 1536 1675 eorum
1545 1618 1683 1693 frangere
1695 1627 1797 1687 videa·

81 1706 177 1780 quiin
189 1711 273 1779 parte
286 1707 391 1763 Donati
405 1705 573 1779 baptisatus
583 1710 638 1773 est,
653 1710 759 1762 auctor
773 1703 826 1761 tibi
843 1718 910 1760 esse

81 1810 143 1853 uon
153 1810 294 1869 possum:
309 1794 391 1852 aliud
401 1800 446 1853 est
457 1795 538 1852 enim
549 1794 645 1853 iecere
654 1793 817 1867 sicogaris,
827 1792 910 1851 ahud

83 1884 143 1942 aliu
161 1884 317 1942 consulere
331 1889 363 1941 ut
376 1883 480 1942 iacias.

295 1973 462 2032 aristone
481 1972 605 2032 ccxlvi
619 1971 628 1991 '
642 1971 695 2044 (a).

80 2063 269 2136 Augustinus
276 2064 452 2135 Lampadio,
463 2063 618 2121 ostendens
625 2061 724 2132 sutum
730 2060 761 2118 in
771 2062 908 2132 percutis

115 2168 269 2225 perperam
281 2153 432 2221 recasuri,
448 2153 559 2226 quippe
569 2154 657 2224 cajus
670 2152 718 2210 oei
728 2152 788 2222 ipsi
799 2152 910 2211 motte-

116 2243 221 2301 mutiri
232 2243 351 2302 mullum
365 2242 511 2300 rationem
521 2241 653 2300 habeant
666 2244 698 2299 in
707 2241 833 2300 solome
843 2256 908 2301 cos·

117 2333 261 2405 tigandie.

324 2406 497 2462 hueusrmus
514 2402 675 2460 Leusinio.

116 2494 144 2548 1.
159 2493 199 2550 lie
210 2492 377 2566 quaestione
391 2493 443 2551 isti
461 2508 497 2551 ac
510 2490 649 2564 fortunae,
660 2506 722 2567 qua
737 2496 822 2551 tuum
842 2493 907 2551 ani·

81 2597 166 2639 mum
178 2597 240 2639 non
253 2581 356 2640 leviter
374 2582 498 2651 moveri,
515 2585 628 2639 etcum
653 2597 787 2654 praesens
807 2597 906 2640 essem

81 2670 207 2741 adverti,
220 2676 249 2729 et
259 2686 340 2728 nune
355 2672 413 2729 tuis
425 2671 530 2729 litteris
544 2671 657 2742 gratim
672 2672 841 2745 certiusque
855 2687 906 2730 co·

82 2759 186 2832 gnovi,
200 2760 378 2834 rescriptum
387 2761 438 2818 libi
451 2775 512 2818 non
520 2760 606 2834 pervi
616 2759 779 2818 voluminis
788 2761 905 2831 debeo;

79 2849 164 2922 quod
179 2849 323 2908 Dominus
332 2850 485 2924 praestabit
497 2855 529 2907 ut
540 2851 581 2908 ita
591 2849 747 2922 explicem,
760 2851 908 2923 quemad·

80 2939 301 3011 modumporit
313 2940 365 2998 tibi
380 2954 544 3010 congruere
560 2938 739 2997 adsalutem
754 2939 823 2996 tidei
837 2945 908 2999 tuae.

81 3031 145 3087 Non
151 3030 369 3102 enimparvum
376 3028 490 3086 malum
498 3033 552 3094 est,
560 3028 708 3101 perversis
714 3029 908 3102 opinionibus

81 3117 251 3175 noneolum
268 3116 309 3175 sd
323 3117 573 3175 committendum
585 3116 793 3175 blandimento
804 3117 908 3192 volup·

81 3207 149 3264 tatis
159 3206 281 3275 sdduei,
289 3204 342 3264 sed
352 3207 442 3263 etiem
450 3205 490 3264 ad
498 3204 909 3281 defendendumpeccstums

81 3295 302 3354 medicamento
321 3294 517 3353 confessionis
533 3295 639 3352 averti.

114 3385 224 3442 alliud
236 3385 496 3459 sauequantocius
505 3400 541 3443 sc
551 3385 682 3443 breviter
691 3386 824 3452 noveris,
839 3402 906 3445 om·

79 3489 133 3532 aes
146 3473 228 3546 leges
244 3478 333 3548 atque
346 3473 595 3534 omniainstituta
604 3473 905 3548 discipllnre,laudes‚

79 3562 323 3636 vituperationes,
348 3562 577 3631 exhortationes,
605 3568 743 3630 terrores,
768 3566 904 3638 proemia,

79 3652 238 3726 supplicia,
254 3658 421 3727 ceteraque
429 3652 533 3710 omnis
546 3653 657 3727 quibus
671 3652 841 3712 humanum
854 3670 906 3727 ge·

78 3756 136 3799 nus
149 3741 376 3800 administratur
389 3747 417 3800 et
438 3743 560 3814 regitur,
586 3744 705 3815 penitus
725 3744 904 3804 labetactari

77 3836 167 3905 etque
181 3831 324 3901 subverti,
340 3831 473 3904 nihilque
486 3832 517 3888 in
532 3832 574 3888 eis
588 3833 846 3905 omniaoJ‘ustitiae
860 3850 904 3892 re·

76 3936 208 3988 manere,
224 3920 283 3978 uisi
293 3920 433 3978 voluntas
447 3920 485 3979 sit
498 3935 592 3978 causa
608 3922 765 3995 peccandi.
784 3924 902 3990 Quanto

73 4025 146 4083 ergo
156 4009 294 4068 licentius
308 4014 338 4068 et
348 4011 465 4084 aquius
481 4010 764 4070 mathematicorum
788 4013 902 4086 impro-

72 4097 183 4157 bamus
202 4114 327 4168 errores,
342 4115 437 4173 quem
451 4099 571 4158 divinas
584 4099 678 4173 leges,
690 4100 737 4158 vel
746 4101 836 4161 etium
849 4103 904 4161 do·

73 4202 192 4246 morum
202 4193 374 4247 nostrarum
389 4204 494 4246 cursm
506 4186 653 4246 damnare
665 4194 756 4264 atque
770 4190 902 4263 abjicere

74 4278 210 4349 cogimur
223 4293 231 4347 ;
243 4278 327 4353 quod
337 4293 392 4335 nec
404 4277 460 4351 ipsi
473 4278 675 4337 mathematici
684 4279 818 4338 laciuutt
826 4286 901 4341 llam

75 4381 145 4424 eum
152 4366 259 4442 ahquis
268 4367 557 4425 eorumhominibus
568 4370 735 4428 nummatis
746 4369 901 4431 iatuslatc

74 4455 241 4514 vendiderit
248 4475 258 4530 ;
274 4472 346 4516 mox
360 4461 392 4516 ut
406 4457 528 4516 oculum
542 4474 561 4517 a
575 4458 690 4517 tabellis
705 4460 847 4518 eburneis
861 4461 901 4521 sd

74 4544 185 4604 domus
199 4563 262 4604 suae
275 4548 472 4606 moderamen
486 4563 524 4606 ao
541 4548 771 4607 sollicitudinem
783 4565 903 4609 revoca·

74 4636 155 4708 verit,
170 4650 232 4694 nou
244 4636 485 4704 solumvocibus,
494 4638 644 4695 sedetiam
656 4638 753 4711 plagis
762 4639 902 4699 emendat

74 4740 221 4793 uxorume
236 4741 298 4784 non
310 4726 379 4784 dico
391 4728 416 4782 si
430 4726 611 4799 petulantius
623 4727 787 4799 jocantem,
808 4728 860 4785 sed
875 4727 899 4786 si

73 4814 301 4874 immoderatius
329 4831 382 4889 per
402 4814 564 4873 fenestram
587 4816 783 4889 aspicientem
802 4818 901 4874 anim·

75 4905 242 4963 adverterit.
254 4907 324 4973 Quo
338 4911 438 4963 tamen
452 4905 477 4961 si
491 4905 621 4973 sidicat,
636 4904 713 4972 Quid
722 4921 772 4963 me
786 4908 900 4966 credis?

73 4995 216 5052 Venerem
231 4995 311 5052 caede
326 4996 351 5051 si
364 4999 458 5069 potes,
478 5009 573 5067 aqua
592 5010 684 5065 cogor
708 4994 766 5052 hoc
783 4995 899 5056 tacere:

74 5088 137 5140 tum
150 5100 219 5142 vero
228 5084 346 5142 illeuon
356 5090 540 5157 curatquam
550 5086 728 5143 vanaverba
737 5092 902 5159 componat

73 5172 377 5243 fallendisextraneis,
388 5173 900 5249 sedquamjustsrerbersimponat

74 5263 258 5335 corrigendis
271 5264 345 5320 suis.

109 5357 136 5410 3.
148 5354 276 5420 Quando
283 5366 354 5424 ergo
362 5351 500 5426 quisque,
507 5367 577 5410 cum
583 5352 758 5425 reprehendi
766 5356 899 5431 coepsrit,

73 5442 355 5512 causamccnvertit
366 5441 395 5498 in
411 5441 515 5511 istum,
529 5446 558 5500 et
572 5441 641 5501 ideo
654 5457 686 5501 se
701 5443 816 5519 culpari
830 5461 900 5507 non

104 5616 185 5668 ‘Non
196 5619 273 5682 repta
288 5617 316 5668 iu
331 5616 393 5670 lise.
404 5620 516 5687 excepto
531 5632 587 5671 uno
604 5616 744 5672 Vaticano.

105 5681 142 5750 (s)
155 5680 229 5734 Aliae
237 5680 304 5735 ate:
317 5695 380 5751 qua
393 5686 486 5738 autem
500 5684 621 5745 uiant.
633 5685 774 5741 uuncltt.
864 5738 869 5749 ,

966 1704 1013 1756 tur
1023 1698 1037 1757 i
1048 1701 1098 1757 llis
1110 1701 1212 1775 itaque
1226 1704 1365 1776 paucissi
1376 1705 1504 1764 aviditas
1519 1712 1571 1766 tua
1581 1718 1721 1773 contenta
1734 1731 1796 1776 non

965 1788 1169 1854 est,etlibrum
1176 1789 1463 1865 aliquemdehacre,
1477 1813 1569 1871 quem
1586 1799 1794 1880 diutiuslegat,

964 1875 1132 1945 desiderat;
1146 1879 1291 1949 patienter
1300 1879 1354 1937 tibi
1365 1888 1435 1939 suut
1447 1889 1655 1958 exspectanda
1663 1897 1795 1955 vacatio·

965 1979 1020 2022 nes
1035 1971 1154 2035 nostrae,
1168 1973 1197 2024 et
1207 1968 1362 2039 regendus
1377 1972 1463 2043 usus,
1484 1975 1536 2047 qui
1552 1981 1580 2035 et
1594 1979 1690 2038 otium
1709 1988 1737 2040 et
1750 1984 1794 2044 ia·

965 2054 1106 2114 cultatem
1121 2056 1258 2114 saliendo
1268 2057 1306 2114 de
1314 2057 1370 2116 hac
1385 2075 1416 2117 re
1427 2062 1529 2121 animo
1545 2070 1595 2123 tuo
1610 2068 1738 2129 tribuere
1750 2073 1793 2131 di·
1903 2102 1905 2107 ·

964 2146 1793 2226 gnetur.Erotemenalscrior,sietsaepecommemorere

964 2248 1012 2290 me
1024 2232 1126 2291 litteris
1139 2239 1223 2292 tuam
1238 2251 1300 2294 non
1312 2237 1441 2311 piguerit
1453 2240 1641 2314 charitatem,
1666 2253 1696 2307 et
1719 2251 1794 2324 quid

963 2321 1000 2379 de
1012 2322 1071 2381 hac
1084 2322 1213 2396 epistola
1232 2325 1344 2384 sentias
1359 2330 1553 2390 rescribendo
1569 2334 1719 2398 docueris.

1158 2450 1328 2509 aristote
1347 2455 1507 2513 ccxlvii*
1526 2458 1580 2531 (α).

960 2571 1145 2646 Augustinus
1155 2576 1312 2634 Romulum
1324 2584 1471 2648 potentem
1486 2581 1742 2660 commemorem
1756 2590 1788 2649 in
1885 2634 1890 2643 .

998 2663 1115 2721 Christo
1128 2670 1284 2736 gemuerat,
1300 2666 1431 2725 obsecrat
1444 2684 1482 2728 me
1496 2671 1623 2730 nimiam
1632 2678 1754 2738 nemias
1763 2685 1791 2738 et

997 2752 1123 2824 injustus
1137 2760 1258 2811 ecastor
1269 2757 1294 2810 si
1306 2756 1481 2815 tributorum
1498 2762 1791 2828 admim'strutorr’bree

996 2842 1052 2897 suis
1064 2843 1245 2901 solutorum:
1260 2845 1399 2902 minitans
1409 2849 1447 2915 ei,
1456 2849 1482 2905 ei
1493 2852 1655 2921 tyrannice
1664 2859 1785 2930 ccipere

996 2935 1113 3002 perpet,
1126 2938 1289 2990 ereremum
1299 2932 1457 3004 judicium.

964 3053 1092 3114 Domino
1106 3054 1299 3114 dilectissimo
1318 3059 1434 3116 Roauco
1460 3058 1531 3129 filio,
1553 3067 1738 3141 Aucusrmus,
1757 3073 1788 3132 in

1237 3147 1362 3205 Domino
1382 3147 1520 3210 salutem.

1000 3267 1025 3320 1.
1045 3262 1158 3320 Veritas
1171 3265 1199 3319 et
1213 3261 1310 3320 dulcis
1324 3267 1369 3321 est
1382 3270 1411 3324 et
1422 3282 1538 3326 amere.
1550 3271 1678 3337 Quando
1692 3276 1788 3336 dulcis

962 3351 1307 3425 est,parcit;etqusndo
1316 3369 1431 3422 amera.
1441 3362 1534 3416 curet.
1546 3357 1577 3416 Si
1593 3376 1653 3419 non
1666 3380 1790 3425 recusas

961 3441 1066 3502 bibere
1084 3442 1168 3517 quod
1179 3443 1211 3499 in
1223 3441 1281 3500 hac
1295 3443 1422 3516 epistola
1436 3444 1539 3515 offero,
1551 3450 1695 3522 probabis
1704 3458 1789 3530 quod

961 3533 1032 3590 dixi.
1047 3532 1249 3589 Utinamsicut
1258 3533 1331 3590 mihi
1341 3549 1403 3591 non
1417 3534 1512 3604 obest,
1522 3539 1627 3597 sienec
1640 3543 1693 3601 tibi
1702 3546 1792 3605 obes-

960 3621 1789 3699 setquidquidcontumeliarummihiirrogas:etrrtinem

959 3712 1006 3771 vel
1021 3715 1136 3769 tanturn
1148 3709 1201 3767 tibi
1211 3711 1333 3768 obesset
1352 3712 1493 3785 iniquitas
1511 3731 1605 3788 quem
1623 3722 1741 3781 miseris
1758 3729 1788 3785 et

959 3800 1144 3875 pauperibus
1155 3799 1239 3865 iacis,
1250 3805 1397 3873 quantum
1412 3802 1582 3877 obestipsis
1597 3812 1788 3882 quibusoam

957 3888 1041 3947 iacis.
1056 3888 1099 3945 llli
1114 3890 1194 3946 enim
1208 3889 1248 3946 ad
1263 3895 1383 3964 tempus
1396 3890 1545 3962 laborant,
1563 3902 1594 3953 tu
1609 3906 1709 3959 sutem
1722 3904 1786 3963 vide

957 3978 1032 4053 quid
1047 3978 1099 4034 tibi
1113 3978 1293 4035 thesaurizes
1305 3980 1336 4036 in
1348 3979 1397 4037 die
1412 3981 1462 4038 iroe
1477 3987 1507 4039 et
1513 3985 1703 4047 revelationis
1709 3993 1786 4065 justi

953 4066 1061 4140 judicii
1076 4066 1138 4136 Dei,
1154 4066 1207 4140 qui
1222 4067 1325 4127 reddet
1339 4070 1501 4144 unicuique
1513 4078 1682 4136 secundum
1691 4096 1786 4157 opera

957 4172 1015 4215 sua
1028 4156 1123 4227 (Rom.
1138 4172 1169 4224 u,
1183 4161 1210 4223 e,
1219 4157 1260 4231 d).
1276 4158 1368 4232 cujus
1385 4159 1623 4223 misericordiam
1637 4167 1784 4244 deprecor

957 4252 989 4306 ut
1000 4247 1049 4305 hic
1059 4255 1087 4305 tc
1098 4248 1228 4318 corrigat
1236 4249 1392 4322 quomodo
1400 4251 1464 4322 ipse
1474 4254 1566 4323 novit,
1578 4259 1782 4335 potiusquam

956 4343 1086 4395 reservet
1095 4338 1125 4395 in
1138 4337 1223 4394 illum
1237 4338 1318 4395 diem
1332 4341 1456 4411 quando
1471 4343 1641 4415 uullueJam
1653 4351 1707 4407 erit
1716 4366 1784 4409 cor·

956 4428 1096 4485 rectionis
1109 4427 1210 4494 loeus;
1225 4428 1323 4500 utqui
1347 4427 1401 4484 tibi
1419 4428 1502 4485 dedit
1522 4432 1661 4493 timorem
1680 4455 1781 4512 suum,

958 4520 1080 4588 propter
1093 4529 1185 4586 quem
1199 4515 1237 4571 de
1250 4519 1278 4571 te
1292 4528 1350 4570 nou
1362 4513 1500 4588 despero,
1516 4521 1630 4593 aperiat
1645 4524 1698 4583 tibi
1717 4544 1784 4587 sen·

957 4618 1037 4671 sum,
1049 4608 1081 4660 ut
1090 4602 1365 4675 videasquaeiacis,
1375 4605 1581 4678 etexhorreas,
1592 4616 1782 4677 elemendes.

956 4694 1051 4750 Parva
1062 4693 1142 4749 enim
1158 4697 1186 4750 et
1195 4693 1283 4765 qussi
1296 4692 1380 4750 nulla
1392 4694 1446 4752 tibi
1458 4697 1606 4769 videntur,
1628 4718 1697 4777 pure
1722 4712 1784 4767 tam

956 4797 1069 4856 magna
1083 4782 1164 4839 mala
1182 4786 1262 4849 sunt,
1275 4788 1307 4839 ut
1318 4784 1442 4856 quando
1458 4790 1484 4843 te
1498 4787 1614 4850 domita
1633 4797 1781 4869 cupiditas

955 4886 992 4929 es
1003 4871 1193 4929 considerare
1205 4872 1382 4944 permiserit,
1397 4874 1474 4947 riges
1491 4876 1634 4952 lacrymis
1659 4890 1780 4958 terram,

955 4966 987 5017 ut
1003 4961 1320 5019 Deusmiseresturtui.
1334 4965 1391 5019 hut
1404 4965 1429 5020 si
1440 4980 1496 5037 ego
1507 4966 1629 5042 iniquus
1638 4988 1717 5046 eum,
1726 4979 1779 5051 qui

955 5050 1012 5108 hoc
1028 5056 1128 5108 tecum
1142 5065 1199 5123 ego
1212 5065 1249 5107 ne
1263 5050 1364 5108 miseri
1372 5055 1400 5109 et
1406 5056 1494 5125 egeni
1504 5056 1643 5117 homines
1653 5064 1699 5119 bis
1714 5068 1783 5125 red.

955 5139 1029 5198 dant
1042 5139 1126 5214 quod
1135 5139 1252 5206 debent,
1269 5156 1337 5197 cum
1348 5142 1446 5199 coloni
1458 5147 1550 5202 actori
1565 5163 1620 5204 suo
1633 5150 1788 5229 dederint,-

955 5230 1097 5289 subdito¹
1114 5230 1275 5303 preposito
1293 5236 1323 5287 st
1332 5230 1449 5303 jubenti
1464 5236 1637 5308 servientes,
1653 5257 1708 5302 nec
1728 5246 1788 5307 ills,

956 5336 988 5378 se
1003 5320 1153 5394 accepisse
1167 5335 1277 5392 negare
1290 5321 1435 5393 potuerit:
1452 5323 1476 5379 si
1495 5339 1567 5397 ergo
1579 5342 1636 5400 ego
1657 5333 1780 5409 iniquus

954 5426 1034 5478 eum,
1049 5410 1121 5484 quia
1134 5408 1207 5467 mihi
1222 5410 1336 5466 videtur
1349 5409 1497 5483 iniustum
1512 5416 1599 5475 utbis
1611 5421 1777 5498 exigentur.

987 5562 994 5592 ¹
1008 5558 1051 5612 Sic
1059 5560 1088 5612 ln
1098 5560 1226 5612 omnihus
1239 5558 1303 5612 llas.
1319 5561 1354 5614 ht
1368 5563 1397 5616 in
1415 5567 1529 5627 excusis,
1546 5570 1652 5626 saltui.

985 5623 1089 5675 ‘hanc
1097 5624 1303 5689 recognovimus
1317 5626 1351 5677 ed
1368 5627 1405 5678 bl.
1418 5628 1463 5681 cb.
1480 5645 1521 5682 vr..
1538 5634 1607 5687 duos
1624 5650 1651 5689 v.
1667 5643 1695 5694 et
1708 5626 1787 5710 bor,

986 5686 1106 5755 (ciebas
1119 5688 1167 5739 111
1182 5692 1369 5757 remantem
1380 5692 1654 5759 tltenhnunetbt.
