3952 6128
215 106 270 167 ⁵059
862 113 895 171 S.
912 110 1103 171 aueusTlllt
1120 110 1287 171 episcopt
1875 124 1936 185 m

216 234 399 307 incipiamus
422 236 487 306 jam
509 249 599 291 nosse
619 235 693 308 quid
715 253 777 295 uon
794 238 842 296 sit.
864 240 1046 297 Intellectum
1101 239 1269 298 substantia
1282 240 1374 298 Patris
1386 241 1488 298 essein
1501 243 1588 310 coelo,
1603 245 1771 307 secundum
1781 251 1866 324 quud
1879 251 1934 311 Pa·

217 339 289 382 vero
309 324 397 381 valde
413 337 483 379 ama
499 340 506 390 ;
523 322 597 395 quia
611 326 640 380 et
657 324 730 396 ipsse
752 327 911 400 Scripturas
926 335 1046 396 sanctoe,
1101 333 1145 387 ter
1158 345 1218 386 una
1229 329 1259 386 in
1274 330 1414 388 Trinitate
1424 346 1555 403 persona
1565 337 1621 399 est,
1632 333 1770 394 divinitas
1784 354 1858 397 vero
1869 354 1933 399 non

217 430 285 487 quae
299 416 668 482 magnarumrerumante
680 414 906 486 intelligentiam
920 419 1049 474 suadent
1100 418 1131 475 in
1146 419 1222 476 coelo
1241 423 1368 486 tautum,
1389 421 1443 477 sed
1465 420 1576 494 ubique
1591 431 1636 480 εει
1655 441 1663 481 :
1687 426 1776 499 quasi
1796 428 1882 485 alind
1896 432 1934 486 sit

215 503 319 567 fidem,
336 501 392 556 nisi
407 515 458 556 eas
474 505 552 557 recte
567 502 727 573 intelligas,
745 506 826 561 utiles
841 506 893 562 tibi
906 522 973 562 εεεε
986 522 1046 563 non
1101 508 1194 574 Pater,
1215 507 1296 564 aliud
1312 508 1454 567 divinitas
1468 511 1533 582 eJus
1547 527 1616 584 quse
1638 512 1680 569 illi
1698 518 1865 574 communis
1888 524 1939 577 est

216 595 352 664 possunt.
369 591 480 645 Omnes
494 591 574 647 enim
588 591 729 663 haretici,
742 595 795 667 qui
807 611 859 651 eas
875 597 904 651 in
920 598 1049 653 auctori·
1101 613 1172 654 cum
1188 597 1258 653 Filio
1272 603 1300 653 et
1315 613 1384 653 cum
1400 598 1510 670 Spiritu
1525 606 1652 669 sancto;
1669 608 1700 659 ιιι
1715 603 1781 677 1ρεε
1793 605 1933 677 Trinitas,

215 684 273 737 tate
284 679 441 749 recipiunt,
451 678 534 751 ipsas
548 679 607 735 sibi
617 680 757 739 videntur
768 684 884 751 sectari,
899 701 1048 742 eumsuos
1101 691 1246 759 tanquam
1259 685 1332 743 locis
1346 687 1555 759 corporalibus
1572 694 1600 747 et
1623 695 1768 765 tanquam
1788 710 1934 768 corporea

215 767 315 845 potius
331 772 481 824 sectentur
492 783 608 825 errores
623 784 631 836 ;
646 784 681 826 ac
691 786 743 844 per
756 770 814 829 hoc
830 775 983 847 nonquod
998 790 1048 831 eas
1101 776 1150 844 sit,
1161 775 1378 833 divinitasvero
1388 791 1448 833 una
1463 778 1550 834 bium
1565 794 1761 851 personarum
1771 783 1884 858 ubique
1897 785 1935 844 sit

213 864 419 924 contemnant,
440 857 493 915 sed
506 859 589 931 quod
610 874 662 916 eas
685 877 744 919 non
762 863 939 935 intelligant,
955 864 1048 922 hare·
1101 867 1181 922 tota:
1198 865 1259 923 sine
1274 864 1459 924 dubitatione
1471 869 1653 940 respuenda.
1667 870 1696 927 Si
1708 872 1790 930 enim
1803 874 1934 946 qualitas

215 948 263 1005 tici
276 952 355 1004 sunt.
1100 969 1206 1012 eorum
1218 960 1297 1013 asset
1309 954 1403 1029 (quod
1416 955 1506 1022 absit,
1522 962 1551 1014 ut
1565 957 1596 1014 iu
1612 960 1706 1029 Patre,
1718 966 1771 1017 aut
1782 960 1868 1034 Titio,
1881 971 1934 1021 aut

249 1045 294 1101 lt.
309 1047 351 1101 Tu
366 1047 477 1111 autem,
493 1043 678 1113 charissime,
694 1046 869 1106 oraiortiter
884 1057 912 1107 ει
923 1049 1048 1108 fideliter
1102 1044 1208 1116 Spiritu
1224 1052 1327 1101 sancto
1342 1043 1426 1101 aliud
1438 1045 1477 1101 sit
1487 1045 1631 1120 qualitas,
1646 1047 1727 1105 aliud
1742 1049 1932 1126 substantia).

214 1138 248 1193 ut
262 1135 311 1191 siet
325 1133 378 1190 tibi
393 1132 539 1189 Dominus
554 1133 746 1203 intellectum,
763 1152 799 1193 ac
813 1138 856 1195 sic
874 1155 911 1196 ea
925 1156 990 1212 quse
1004 1139 1047 1197 io·
1100 1134 1344 1191 tamensieorllm
1353 1133 1485 1207 (1118111811
1496 1151 1560 1192 0⁸⁸0
1570 1139 1796 1212 posset,utique
1806 1140 1934 1214 amphil!

214 1225 347 1285 rinseeus
361 1220 484 1278 adhibet
499 1220 653 1293 diligentia
667 1226 858 1298 praeceptoris
871 1228 932 1285 sive
947 1228 1049 1286 doctu-
1101 1222 1212 1281 alicubi
1224 1238 1314 1295 qnam
1329 1223 1360 1279 in
1375 1239 1432 1281 sua
1446 1223 1613 1283 substantie
1629 1241 1697 1283 esse
1713 1230 1722 1263 ¹
1736 1243 1798 1286 non
1811 1234 1933 1302 possets

213 1314 265 1380 ris,
280 1312 397 1385 possint
418 1326 485 1367 esse
512 1309 666 1368 fructuosa
686 1329 694 1380 ;
718 1316 864 1386 quoniam
888 1332 983 1390 aeque
996 1319 1049 1390 qai
1102 1313 1128 1369 ti
1138 1316 1237 1369 subm
1251 1311 1481 1381 tubssiflssiisstssis
1494 1318 1524 1371 ⁰1
1537 1313 1597 1372 ⁸¹1⁸
1609 1319 1653 1371 0⁸1
1666 1332 1757 1389 quam
1770 1323 1841 1376 ⁸¹¹¹ss
1861 1319 1932 1392 ῙΡΙῙ,

211 1380 336 1474 plectat
349 1405 390 1458 est
405 1400 535 1472 aliquid,
552 1416 647 1473 aeque
659 1403 940 1477 quiescentique·
952 1406 1049 1464 incre-
1101 1401 1160 1460 alis
1173 1399 1345 1459 substantia
1362 1405 1409 1460 ast
1428 1417 1436 1470 3
1457 1402 1539 1476 quod
1559 1402 1756 1463 ὓῖῑιῦῡωίιιῑιι
1773 1405 1934 1466 ῐῑιιίῦιίωθ

212 1498 344 1550 meatum
355 1490 407 1547 dut
420 1491 496 1547 Deus
511 1489 533 1560 (1
548 1490 616 1545 Cor.
632 1505 673 1557 ιιι,
687 1491 718 1563 7)
731 1509 738 1548 :
750 1493 945 1568 cuidicimus‚
956 1497 1049 1554 Pater

213 1588 313 1640 auster
327 1579 380 1651 qui
396 1594 425 1636 es
435 1580 468 1635 in
483 1579 564 1636 coetis
577 1579 698 1650 (Marti.
718 1597 759 1648 vr,
776 1582 803 1654 ι)
818 1604 825 1649 ;
841 1599 902 1640 non
917 1585 990 1657 quia
1005 1584 1048 1646 ibi

213 1676 265 1743 est,
287 1673 316 1727 ει
327 1668 375 1725 hic
388 1683 449 1724 uon
464 1672 518 1733 est,
538 1668 590 1739 qui
611 1670 769 1740 prasentia
784 1671 964 1745 incorporea
979 1673 1048 1731 nbi·

213 1775 272 1834 que
282 1763 325 1815 est
338 1763 428 1823 totus,
443 1755 496 1811 sed
509 1756 580 1829 quis
590 1756 619 1812 in
632 1757 674 1813 eis
688 1756 826 1817 habitare
839 1760 959 1831 dieitur,
973 1777 1048 1835 quo-

210 1865 280 1906 rum
294 1845 395 1919 pietati
411 1844 505 1909 adest,
521 1851 550 1901 et
564 1845 595 1901 hi
609 1846 741 1904 maxime
755 1848 786 1904 in
801 1849 885 1906 coelis
901 1857 980 1917 sunt,
996 1853 1048 1909 ubi

212 1939 304 1995 etiam
317 1940 421 1992 nostra
440 1936 627 1990 conversatio
642 1939 696 2002 est,
725 1937 750 1993 si
769 1953 827 1995 nos
855 1954 889 1996 os
911 1948 1047 1998 nostrum

212 2024 357 2084 veraciter
370 2039 492 2079 sursum
508 2038 560 2079 cor
573 2024 687 2081 habere
701 2027 892 2098 respondeat.
906 2031 979 2085 Nam
993 2030 1047 2087 etsi

213 2115 371 2175 carnaliter
382 2112 587 2184 acceperimus
602 2113 685 2185 quod
701 2116 845 2188 scriptum
861 2122 916 2183 est,
931 2119 1046 2178 Cretum

212 2203 287 2264 mihi
301 2203 381 2260 sedes
396 2208 448 2269 εει,
466 2207 549 2259 terra
561 2208 661 2259 autem
672 2204 836 2263 scabellum
849 2205 957 2276 pedam
971 2223 1047 2266 meo-

212 2310 280 2355 rum
296 2292 378 2366 (lsai,
392 2307 472 2360 cxvi,
487 2290 515 2363 ι)
532 2306 540 2358 ;
560 2296 590 2347 ει
602 2290 644 2348 ibi
660 2292 749 2348 ethic
762 2310 831 2351 eum
848 2309 913 2352 esse
925 2297 1046 2354 credere

213 2382 377 2439 debemus:
395 2379 535 2453 quamvis
550 2394 612 2435 non
623 2385 720 2436 totum
732 2380 785 2452 ihi,
798 2383 871 2455 quia
884 2383 933 2441 hic
946 2390 1047 2444 assent

212 2472 303 2545 pedes
325 2485 403 2538 ;nec
426 2473 522 2524 totum
541 2468 598 2535 hic,
619 2468 694 2541 quia
708 2469 749 2526 ihi
766 2477 865 2528 essent
876 2473 1044 2546 superiores

212 2559 346 2632 corporis
359 2561 469 2630 partes.
481 2558 577 2622 Quam
587 2556 798 2629 cogitationem
807 2561 969 2630 carnalem,
981 2578 1045 2620 rur·

214 2664 280 2704 sum
301 2644 375 2702 illud
397 2643 485 2700 nobis
508 2650 656 2711 excutere,
671 2645 755 2719 quod
768 2646 807 2704 de
826 2648 876 2706 illo
898 2651 1043 2723 scriptum

214 2741 268 2802 est,
290 2738 412 2808 potest:
434 2732 489 2801 Qui
503 2734 609 2790 coetum
629 2749 747 2792 massus
764 2741 806 2794 est
819 2739 931 2807 pulmo,
945 2746 973 2797 et
985 2747 1043 2798 ter·

212 2841 279 2883 ram
290 2824 407 2896 pupilio
424 2823 494 2894 (ld,
507 2839 556 2889 xn,
574 2824 629 2895 lt).
641 2826 713 2890 ouis
724 2825 804 2884 enim
819 2827 923 2885 sedeat
933 2830 963 2885 in
974 2845 1044 2903 spa·

213 2915 253 2973 tio
264 2913 356 2986 palmi
367 2912 423 2978 sui,
436 2917 489 2968 aut
500 2910 531 2968 in
544 2915 629 2969 tanto
641 2912 708 2970 locu
724 2915 816 2986 pedes
831 2923 935 2988 ponat,
947 2934 1044 2991 quan·

213 3010 276 3062 tum
292 3003 358 3075 ejus
374 3017 495 3075 pugnus
509 3000 737 3074 apprehenditi
756 3005 815 3062 Nisi
839 3006 912 3064 torte
927 3008 958 3064 in
978 3013 1044 3066 tau·

212 3099 277 3151 tum
285 3108 355 3149 caro
365 3106 443 3147 vana
454 3090 653 3163 progreditur,
664 3096 697 3148 ut
705 3093 732 3149 ei
742 3109 850 3165 parum
859 3096 896 3152 sit
907 3096 1043 3156 humana

212 3181 351 3241 membra
366 3180 543 3237 snbstantias
558 3180 609 3236 Dei
625 3181 762 3248 tribuere,
784 3183 808 3239 si
827 3200 863 3242 ea
877 3200 937 3242 nou
952 3186 1043 3244 etiem

212 3276 404 3328 monstruosa
423 3268 586 3339 conlingat,
607 3269 656 3324 ubi
672 3269 791 3342 palmus
805 3270 928 3340 lumbis,
944 3279 972 3331 et
986 3291 1041 3348 pu·

212 3360 299 3431 gilius
314 3357 465 3415 ambabus
486 3355 597 3428 palmis
611 3358 780 3430 conjunctis
800 3361 836 3417 sit
859 3361 958 3419 latior.
986 3364 1041 3421 Sed

211 3448 277 3523 hac
300 3447 454 3511 dicuntur,
479 3452 510 3500 ut
525 3459 593 3500 cum
610 3444 667 3501 sibi
689 3461 752 3503 non
767 3449 949 3507 conueniunt
973 3468 1041 3526 quae

212 3535 370 3599 carnaliter
385 3533 538 3603 andimus,
554 3533 595 3589 eis
610 3533 686 3607 ipsis
702 3535 859 3605 admoniti,
886 3539 1041 3599 inetlabili·

212 3630 255 3684 ter
270 3622 436 3698 spiritualia
455 3621 633 3695 cogitemus.

250 3734 294 3789 le.
306 3730 390 3789 Unde
402 3729 523 3787 etiamsi
532 3746 644 3804 corpus
656 3732 788 3799 Domini,
801 3734 885 3808 quud
894 3735 932 3793 de
946 3736 1041 3810 sepul-

212 3838 264 3881 cro
274 3821 435 3878 excitatum
447 3818 557 3877 levarit
568 3821 598 3877 in
613 3820 732 3889 coelum,
746 3823 866 3880 nonnisi
877 3826 1042 3898 speciebu-

212 3928 305 3971 mena
315 3908 519 3982 membrisque
526 3910 703 3980 cogitamus,
714 3926 773 3969 non
782 3913 930 3972 tamenita
938 3920 1042 3988 putau-

212 4003 287 4058 dum
302 4006 347 4058 est
363 4000 466 4056 sedere
480 3998 520 4055 ad
534 4000 686 4057 dexteram
702 4001 803 4067 Patris,
818 4006 851 4059 ut
863 4003 890 4059 ei
907 4004 989 4062 Pater
1001 4005 1042 4062 ad

213 4090 364 4147 sinistram
377 4086 480 4144 sedere
494 4087 640 4144 videatur.
657 4089 749 4146 lnilla
762 4092 875 4164 quippe
885 4086 1059 4151 beatitud!

212 4194 337 4251 nequae
347 4176 1042 4249 omnemsupersihumanumintellectumsols

212 4269 335 4326 dextera
349 4270 403 4331 εει,
418 4269 447 4321 ει
464 4263 570 4321 eadem
586 4265 716 4334 dextera,
733 4267 869 4339 ejusdem
881 4269 1041 4329 beatitudi-

212 4356 260 4414 nis
275 4369 386 4412 nomen
400 4357 454 4410 εει.
469 4352 598 4410 Proinde
612 4368 667 4410 nec
681 4353 754 4411 illud
766 4357 849 4429 quod
864 4363 931 4429 post
945 4375 1040 4416 resur·

211 4446 375 4502 rectionem
387 4457 475 4499 snam
485 4440 560 4498 dixit
572 4443 678 4511 hariae,
688 4443 811 4503 Netimc
821 4452 954 4519 tangere,
966 4464 1039 4506 non·

212 4536 281 4591 dum
293 4534 370 4591 enim
379 4533 499 4590 ascendi
511 4532 552 4588 ad
564 4534 686 4591 Patrem
701 4548 796 4591 meum
808 4535 907 4608 (dean.
918 4553 969 4604 xx,
984 4540 1037 4611 li),

212 4631 275 4682 tam
287 4622 417 4680 absurde
427 4621 635 4694 accipiendum
644 4628 698 4694 est,
707 4624 946 4700 utaxistimemus
956 4643 1038 4697 eum,

211 4729 282 4772 cum
297 4709 492 4778 ascendisset,
508 4710 639 4768 voluisse
654 4728 672 4769 a
692 4714 811 4771 feminis
833 4718 925 4788 tangi,
939 4719 993 4792 qui
1007 4734 1039 4776 se

211 4800 399 4872 tangendum
406 4798 474 4855 viris
483 4806 644 4872 antequam
656 4804 970 4877 ascenderatpraebuit.
981 4809 1039 4867 Sed

211 4888 457 4962 llarioeproiecto‚
465 4889 496 4944 ia
506 4904 567 4963 qua
579 4889 707 4962 figurata
717 4894 906 4965 Ecclesiaest,
914 4899 1038 4970 quando

210 4980 285 5039 illud
295 4977 370 5036 dixit
388 4976 510 5049 intelligi
518 4977 857 5040 voluittuncescendisse
865 4983 1036 5058 adl’atrem,

210 5086 281 5128 cum
305 5067 388 5125 illum
413 5067 489 5123 Patri
518 5068 657 5138 cognovit
670 5071 818 5141 sequetem
835 5089 842 5140 3
859 5078 888 5130 et
911 5074 961 5131 tali
977 5076 1038 5136 lide

211 5160 295 5217 illum
311 5157 468 5214 salubriter
485 5155 588 5226 tetigit,
605 5171 643 5213 ne
658 5158 682 5212 si
697 5158 754 5215 hcc
768 5160 867 5218 solnm
881 5178 951 5220 eum
972 5182 1037 5224 εεεε

211 5248 344 5306 crederet
356 5245 441 5320 quod
455 5244 485 5301 in
500 5260 589 5300 carne
604 5254 795 5318 apparuerat,
810 5265 870 5306 non
884 5253 962 5311 bene
975 5261 1038 5315 lan·

210 5343 302 5410 geret.
313 5337 359 5393 Sic
369 5352 438 5394 eum
450 5336 591 5393 Photinus
601 5336 756 5394 haereticus
770 5342 872 5412 tetigit,
883 5344 934 5417 qui
941 5344 1037 5405 homi·

210 5442 281 5483 nem
296 5426 507 5483 tantummodo
520 5425 655 5483 credidit.

246 5527 291 5581 le.
309 5526 341 5579 lit
354 5525 376 5579 si
392 5524 466 5581 torte
485 5524 566 5581 aliud
582 5524 612 5581 in
629 5524 675 5582 his
689 5524 790 5585 verbis
805 5529 923 5589 nomini
937 5536 1038 5610 aptius

211 5614 378 5688 meliusque
383 5614 505 5688 intelligi
516 5621 622 5689 potest,
629 5617 732 5694 opinio
739 5625 1036 5700 tamenquaputatnr

1103 1489 1243 1550 creditur.

1140 1583 1181 1635 17.
1194 1579 1250 1636 Sed
1264 1578 1289 1634 si
1300 1576 1375 1636 torte
1386 1576 1634 1653 minusintelligis
1643 1580 1719 1638 inter
1730 1581 1933 1642 substantiam

1102 1673 1131 1726 et
1144 1668 1320 1742 qualitatem
1335 1666 1408 1741 quid
1422 1666 1539 1724 intersit
1553 1686 1560 1735 ;
1583 1669 1640 1726 hoc
1654 1676 1731 1728 certe
1746 1670 1865 1731 facilius
1877 1675 1933 1732 ad·

1101 1756 1199 1824 vertis,
1212 1755 1296 1829 quod
1305 1760 1335 1812 et
1344 1754 1485 1812 divinitas
1494 1753 1644 1814 Trinitatis
1652 1758 1732 1832 (quse
1744 1762 1933 1833 putaturaiia

1101 1859 1273 1918 essequam
1287 1848 1332 1900 εει
1350 1843 1417 1916 ipsa
1431 1843 1567 1912 Trinitas,
1583 1851 1611 1903 et
1635 1851 1756 1920 propter
1768 1848 1850 1907 hanc
1872 1850 1932 1909 dici

1100 1950 1163 1992 non
1174 1940 1233 1991 tres
1248 1932 1332 1999 deos,
1348 1930 1401 1989 sed
1415 1947 1509 1988 unum
1526 1930 1633 2000 ileum,
1648 1937 1794 2008 quonism
1810 1937 1877 2011 ipsa
1885 1944 1932 1998 est

1101 2023 1196 2080 tribus
1208 2037 1270 2079 una
1282 2021 1465 2091 communis)
1478 2027 1531 2079 aut
1545 2022 1714 2082 sulsstantia
1729 2029 1785 2092 est,
1798 2033 1852 2085 aut
1869 2043 1931 2086 nun

1100 2118 1144 2170 est
1156 2109 1336 2169 substantia.
1352 2110 1381 2168 Si
1400 2109 1569 2168 substantia
1590 2117 1644 2184 est,
1660 2119 1689 2170 ει
1703 2113 1764 2171 alia
1777 2119 1825 2173 εει
1837 2131 1932 2190 quarn

1100 2201 1195 2267 Pater,
1211 2204 1263 2258 aut
1282 2199 1380 2268 Filius,
1394 2205 1447 2257 aut
1462 2198 1588 2273 Spiritus
1608 2207 1742 2271 sanctus,
1756 2209 1811 2262 sut
1821 2204 1931 2263 eadem

1100 2289 1190 2347 simul
1204 2288 1332 2347 Trinitas
1345 2305 1353 2359 ;
1370 2287 1473 2362 procul
1486 2289 1580 2347 dubio
1606 2290 1665 2349 alia
1679 2291 1851 2351 substantia
1862 2299 1931 2353 εειε

1098 2378 1156 2437 hoc
1171 2382 1271 2436 autem
1284 2377 1394 2435 veritas
1405 2376 1510 2435 resedit
1523 2384 1553 2436 ει
1572 2380 1694 2455 respuit.
1708 2382 1736 2439 Si
1752 2389 1855 2441 sulam
1869 2397 1932 2441 uon

1099 2472 1144 2525 est
1155 2467 1323 2525 substantia
1337 2467 1395 2524 ista
1414 2466 1563 2536 divinitas,
1574 2473 1605 2525 et
1617 2469 1683 2542 ipsa
1694 2475 1741 2527 est
1754 2472 1846 2538 ὓειεε,
1858 2472 1932 2546 quia

1097 2558 1166 2631 ipse
1179 2562 1224 2614 est
1237 2556 1347 2629 ubique
1366 2559 1438 2622 tota,
1453 2570 1516 2613 non
1528 2555 1579 2615 illa
1597 2557 1723 2615 Trinitas
1743 2575 1750 2628 ;
1765 2573 1840 2632 ergo
1855 2564 1931 2619 oeus

1097 2662 1158 2703 non
1170 2650 1217 2703 est
1234 2644 1401 2704 substantia
1422 2645 1514 2718 :quis
1527 2646 1586 2703 hoc
1599 2648 1765 2706 catholicus
1789 2650 1900 2708 dixerit
1916 2649 1931 2709 t

1098 2736 1172 2793 item
1186 2735 1211 2790 ei
1225 2749 1287 2792 non
1305 2738 1349 2791 εει
1364 2733 1533 2792 substantia
1546 2734 1604 2794 ista
1617 2735 1768 2802 divinitas.
1781 2743 1812 2795 et
1823 2755 1930 2797 secun·

1096 2824 1171 2882 dum
1186 2824 1264 2880 hanc
1278 2828 1322 2880 est
1336 2822 1461 2880 trinitas
1477 2839 1556 2881 uuus
1572 2823 1663 2891 Deus,
1679 2827 1763 2899 qnod
1778 2826 1846 2885 haec
1869 2844 1931 2889 una

1097 2919 1141 2971 est
1151 2913 1183 2969 in
1194 2911 1306 2979 tribus;
1322 2926 1384 2969 non
1397 2910 1503 2969 debuit
1516 2911 1575 2970 dici
1590 2916 1708 2972 Pateret
1722 2914 1815 2972 Filius
1825 2921 1855 2975 et
1865 2918 1931 2992 Spi-

1095 3002 1299 3060 ritussenctue
1310 3001 1399 3057 unius
1409 2999 1595 3071 substantiae,
1606 3002 1930 3065 seduniusdirinilstis

1095 3105 1164 3165 qua
1173 3105 1234 3147 non
1245 3094 1291 3146 est
1304 3089 1487 3148 substantia.
1497 3091 1644 3162 Agnoscis
1653 3098 1756 3150 autem
1767 3091 1799 3150 in
1810 3094 1928 3153 iideca·

1095 3179 1205 3237 thelica
1217 3178 1362 3253 quoniam
1376 3178 1433 3235 hoc
1447 3185 1492 3237 est
1502 3195 1617 3249 verum,
1632 3180 1690 3238 hoc
1702 3188 1747 3239 est
1761 3183 1927 3242 confirma·

1095 3274 1159 3327 tum
1173 3270 1257 3342 quod
1271 3271 1356 3326 Pater
1368 3274 1396 3325 et
1410 3269 1503 3326 Titius
1522 3273 1551 3327 et
1562 3269 1689 3344 Spiritus
1702 3275 1838 3338 sanetus,
1857 3274 1926 3333 idso

1095 3359 1214 3415 sumsit
1228 3356 1361 3424 Trinius.
1379 3372 1458 3413 uuus
1470 3359 1621 3425 setheus,
1633 3359 1928 3435 quiainseparebili·
1962 3414 1969 3419 .

1094 3451 1138 3505 ter
1152 3455 1222 3504 eunt
1239 3447 1329 3503 unius
1343 3445 1541 3521 eiusdemque
1554 3446 1741 3515 substautias,
1754 3450 1805 3507 vel
1818 3450 1857 3524 (si
1868 3451 1927 3510 hoe

1095 3535 1202 3593 medus
1216 3535 1324 3592 dicitur
1337 3535 1358 3608 ),
1374 3535 1522 3593 essentia.
1541 3538 1616 3594 tiam
1637 3537 1775 3595 nonnulli
1789 3542 1885 3599 nostri
1898 3546 1926 3600 ει

1094 3626 1226 3683 maxime
1235 3624 1341 3691 Graeci,
1350 3624 1525 3683 Trinitatem
1536 3640 1604 3699 quse
1614 3626 1692 3683 bens
1701 3632 1758 3695 est,
1772 3630 1926 3701 magices·

1094 3714 1225 3773 sentiam
1232 3714 1480 3787 (a),quamunam
1489 3714 1689 3773 substantiam
1697 3717 1924 3789 sssedixsrunt3

1093 3803 1208 3876 aliquid
1220 3803 1367 3861 interhac
1376 3801 1438 3860 duo
1446 3802 1571 3861 nomina
1583 3804 1724 3862 interesse
1731 3804 1925 3881 arbitrantes,

1093 3892 1360 3963 velintelligentes:
1372 3891 1924 3970 undennnedisputsrenonsstopus3

1093 3982 1178 4057 quud
1187 3982 1243 4040 etsi
1257 3981 1552 4049 divinitatemistam‚
1566 3998 1636 4056 quae
1645 3981 1727 4041 aliud
1737 3984 1927 4045 existimatus

1094 4068 1926 4145 essequamipsaTrinitas,nonsuhstantiemsedesssn·

1093 4158 1925 4235 tiamdixerimuseademlatsitasconssquetur.8isnin

1093 4249 1373 4324 aliaestqnemipsa
1381 4249 1518 4316 Trinitas,
1528 4248 1925 4328 eiteresritessentiazquod

1093 4338 1508 4399 absitntcetholicussentiat.
1518 4338 1925 4413 Restatitaqusutitaersda·

1092 4446 1161 4488 mus
1171 4426 1927 4503 uniuseesesubstantiaeirinitatem‚utipsaessen·

1092 4519 1134 4577 ιε
1144 4534 1205 4575 non
1219 4517 1302 4575 aliud
1319 4516 1357 4573 sit
1370 4531 1463 4590 qnam
1479 4517 1547 4590 ipsa
1560 4515 1700 4575 Trinitas.
1713 4517 1760 4575 ad
1773 4534 1872 4592 quam
1885 4521 1926 4577 vi·

1092 4607 1225 4665 dandam
1239 4605 1498 4680 quantumlibetiu
1510 4605 1567 4663 hae
1579 4606 1640 4664 vita
1652 4605 1862 4680 proficiamus,
1873 4624 1926 4683 psr

1091 4695 1249 4769 speculum
1259 4694 1387 4753 eritstiu
1397 4693 1647 4769 anigmatequod
1657 4693 1925 4756 ridebimus.cnsn

1091 4801 1172 4855 vero,
1190 4785 1273 4860 quod
1284 4785 1316 4841 in
1327 4783 1543 4842 resurrectione
1560 4782 1755 4857 promittitur,
1768 4786 1926 4860 spirituale

1091 4891 1201 4950 eorpus
1214 4874 1325 4933 habere
1340 4873 1531 4947 creperimus,
1546 4873 1609 4930 sire
1628 4873 1710 4931 illem
1728 4880 1843 4947 ments,
1862 4878 1926 4934 sisa

1090 4964 1245 5023 mirabili¹
1260 4963 1363 5031 modo,
1374 4962 1520 5037 quonism
1528 4961 1689 5021 instabilis
1700 4969 1747 5021 est
1756 4963 1926 5038 spiritualis

1091 5054 1224 5129 eorporis
1238 5053 1345 5124 gratia,
1360 5052 1448 5110 etiam
1464 5066 1589 5124 corpore
1602 5051 1760 5110 videamus
1774 5069 1783 5120 ς
1801 5067 1864 5112 non
1878 5057 1927 5113 ta-

1090 5159 1160 5202 men
1173 5158 1227 5218 per
1238 5140 1549 5214 locoruminterrelta,
1560 5157 1617 5199 nec
1628 5143 1659 5199 in
1669 5147 1755 5216 parts
1761 5142 1925 5213 minorem,

1090 5235 1121 5294 in
1135 5238 1219 5308 parte
1234 5233 1393 5307 majorem,
1403 5231 1550 5305 quoniam
1560 5246 1622 5289 non
1631 5236 1808 5306 esteorpus,
1818 5238 1847 5292 ει
1861 5232 1925 5292 uhi·

1094 5457 1100 5468 ,
1120 5397 1128 5430 ¹
1141 5395 1215 5451 Lov..
1225 5409 1301 5459 εεεει
1310 5408 1357 5445 sas
1366 5399 1427 5468 esset
1438 5406 1491 5443 aea
1501 5398 1592 5481 posset.
1605 5394 1638 5444 st
1649 5391 1711 5445 iles.
1720 5392 1834 5470 hahent,
1846 5408 1926 5471 qao!

1089 5455 1803 5595 tttttllttlttlbttttfj,immitti
1819 5471 1849 5511 ”¹
1862 5472 1926 5525 ‘¹¹¹¹'

1118 5583 1172 5711 1⁶1?
1167 5583 1266 5697 οἶμαι
1262 5582 1395 5698 pluribus,
1407 5581 1589 5635 επειεεειειειι
1599 5580 1687 5633 nodo.
