3952 6128
60 156 124 221 „f
216 174 220 179 .
671 153 925 213 errsroaanuu
943 154 1088 215 cassare
1107 160 1159 220 ιιι.
1723 162 1778 223 ¹¹¹
1882 134 1891 145 ’

59 285 168 345 eumer
189 283 294 343 mcuti
306 282 404 354 (Psat.
415 298 491 347 xrrrr,
505 281 552 353 to)
566 298 572 337 :
590 295 785 355 nequaquam
799 281 891 338 istum
943 287 1081 355 puerunt.
1099 286 1133 342 at
1146 284 1214 342 ideo
1227 299 1281 358 per
1292 284 1420 358 figurem
1432 292 1578 362 unquam
1590 287 1622 346 in
1634 288 1777 364 aquilons

60 374 176 433 diceret
188 371 583 447 permanentem,nisisciret
594 370 687 427 alium
697 372 748 444 qui
761 386 892 444 nonpsr·
943 376 1115 442 ponuntur:
1131 372 1288 430 andecam
1308 375 1407 448 generi
1419 375 1555 434 hnmano
1570 377 1710 435 diabolos
1733 379 1776 435 ιιι-

60 468 211 522 teneret.
231 464 264 519 lit
282 463 359 518 bene
381 460 471 518 istum
492 465 607 517 castum
632 459 721 526 dixit;
735 460 792 516 hoo
810 460 891 516 enim
943 459 1078 527 cubaret,
1090 466 1215 518 ventura
1225 464 1318 535 gratia
1328 463 1488 521 salvatoris
1500 466 1644 522 diciturin
1654 468 1775 525 cantico

59 566 124 609 non
140 553 223 608 caret
241 565 327 606 amor
341 564 403 622 qno
418 549 520 605 anima
533 548 656 605 inhaeret
675 551 744 615 lieo,
764 562 832 620 quae
849 547 892 603 di·
943 548 1139 613 canticorum,
1155 552 1302 623 Exsurge,
1318 554 1459 624 aquiloet
1470 554 1543 622 veui,
1558 559 1667 620 auster,
1678 557 1774 625 persto

59 639 102 698 cit
120 640 152 697 iu
164 639 223 696 alio
237 637 358 712 psalmo
373 657 380 697 :
397 637 558 695 Perdidisti
570 652 685 694 omnem
696 638 750 709 qui
759 637 892 707 termim-
944 636 1063 695 hortum
1086 655 1193 705 meum,
1217 650 1243 698 et
1265 642 1359 710 fluent
1380 649 1517 700 aromata
1536 644 1632 715 (caut.
1649 660 1689 713 tv,
1719 647 1775 717 tc).

58 734 115 787 tur
130 729 184 786 abs
199 735 242 801 te;
255 727 330 784 mitt
352 732 452 786 autem
473 725 627 783 adhaerere
643 726 704 783 Deo
723 725 829 782 honum
849 732 891 783 eet
943 727 1087 797 Exsurge,
1107 729 1158 802 qui
1178 729 1300 794 irruisti,
1319 731 1371 802 qui
1392 731 1521 787 subditis
1540 732 1701 801 incumbis,
1721 733 1773 805 qui

56 818 157 892 (Prot.
173 834 261 880 axxu.
279 820 324 883 27,
339 818 397 887 28).
411 819 485 872 Nam
498 822 526 871 et
540 815 605 887 conj
611 832 648 872 ux
664 831 733 889 quta
751 814 893 871 adulteri·
942 831 1101 887 possessos
1114 817 1244 889 premis:
1261 823 1479 889 exsurgente
1496 823 1547 876 tuo
1576 821 1708 892 pondere
1731 837 1775 878 re·

54 923 138 966 nom
151 908 287 964 animum
298 906 381 978 gerit,
391 906 508 962 etiamsi
522 906 628 962 timore
637 905 691 960 viri
703 919 763 961 non
777 903 891 960 adulte·
940 904 1028 962 levati
1043 906 1205 974 erigantur,
1221 922 1350 979 quornm
1371 907 1490 965 animas
1515 909 1681 981 premendo
1706 925 1773 967 cur-

55 997 143 1055 rium
155 1001 314 1070 perpetrat,
330 999 432 1051 ιιιιιιοιι
447 994 530 1067 qrrod
544 994 630 1050 deest
644 993 737 1067 operi,
749 994 826 1049 inest
839 1008 892 1049 vo-
941 995 1024 1051 vasti.
1040 995 1079 1051 lit
1099 995 1174 1061 oeni,
1195 1002 1307 1066 auster,
1323 997 1441 1070 inquit3
1461 998 1597 1072 spiritum
1631 999 1774 1056 invocans

54 1082 168 1145 lasntati
180 1100 187 1140 ε
199 1090 280 1140 casta
293 1098 365 1140 vero
381 1082 468 1139 aliter
487 1083 584 1148 timst;
600 1086 711 1139 namet
725 1082 790 1153 ipsa
808 1082 891 1137 timet
941 1083 1054 1156 gratiae,
1070 1081 1192 1139 flantem
1209 1084 1246 1140 de
1258 1085 1381 1142 meridie
1393 1087 1472 1143 velrrt
1487 1103 1505 1143 a
1521 1086 1727 1161 partelervida
1746 1092 1775 1145 et

54 1174 171 1243 virum,
185 1172 237 1229 sed
252 1177 343 1229 caste.
353 1172 484 1246 lienique
500 1174 583 1229 limet
597 1171 648 1227 illa
663 1186 700 1226 ne
710 1170 754 1227 sir
766 1169 890 1227 infestus
940 1169 1101 1241 luminosa,
1115 1176 1147 1228 ut
1157 1172 1251 1229 fluant
1262 1179 1408 1231 aromata.
1422 1175 1771 1248 UndeApostolusclicit:

55 1262 217 1330 adveniat;
234 1261 301 1330 ista,
314 1276 352 1317 ne
371 1261 502 1317 offensus
525 1261 667 1317 abscedat
682 1277 689 1316 :
704 1275 763 1316 non
777 1260 889 1315 amanti
942 1260 1054 1317 Christi
1069 1261 1160 1317 donus
1176 1262 1251 1318 odor
1268 1278 1370 1319 sumus
1385 1264 1416 1321 iu
1432 1264 1511 1320 omni
1526 1267 1590 1323 icco
1605 1265 1639 1338 (ll
1654 1267 1724 1323 Cor.
1741 1283 1771 1332 ιι,

55 1352 145 1409 enim
162 1351 320 1423 prasentia
339 1349 392 1406 riri
410 1349 539 1407 molesta
562 1354 621 1418 est;
640 1348 755 1407 amanti
776 1351 888 1411 aulem,
944 1349 1606 1425 tt).llincetiumdiciturinquodampsalmo,
1619 1353 1771 1426 Converte,

56 1440 209 1497 absentia.
225 1441 342 1496 Timore
357 1439 456 1512 itaque
476 1445 569 1501 casto.
585 1438 771 1512 permanenti
784 1436 814 1492 in
834 1452 891 1491 sa·
941 1438 1066 1494 Domine
1080 1439 1283 1507 captiuitatem
1311 1447 1454 1506 nostram,
1482 1442 1558 1499 sicut
1593 1449 1709 1502 torrem
1741 1446 1773 1501 iu

57 1529 165 1589 culam
185 1528 296 1595 saeculi,
320 1528 423 1584 timeat
442 1530 534 1585 Deum
559 1543 649 1584 omne
669 1541 771 1583 semen
789 1524 888 1581 lsrael.
941 1533 1044 1584 austro
1059 1526 1153 1599 (Psoi.
1179 1544 1264 1597 cxxv,
1285 1529 1331 1594 lt:
1352 1529 1554 1602 captivitatem
1572 1531 1691 1596 scilicet,
1711 1548 1774 1606 qua

56 1618 197 1677 'limeant
211 1632 302 1690 quem
317 1616 452 1688 diligunt,
466 1631 526 1672 non
538 1616 598 1673 alta
609 1614 764 1688 sapiendo,
777 1614 891 1671 sedhu-
941 1615 997 1672 sub
1016 1616 1138 1673 diabolo
1156 1622 1301 1691 tanquam
1330 1619 1388 1675 sub
1415 1620 1557 1693 aquilone
1584 1622 1773 1691 tenebantur,

59 1705 889 1773 milibusconsentiendo;cumtimoreettremoresuam
941 1705 993 1759 ubi
1008 1704 1183 1762 abundante
1198 1707 1356 1779 iniquitate
1371 1707 1546 1778 friguerant,
1577 1715 1606 1766 et
1637 1710 1773 1783 quodam

58 1793 331 1869 ipsorumsalntem
343 1799 514 1866 operentur.
526 1792 604 1850 Deus
619 1799 646 1850 et
660 1795 740 1850 enim
753 1794 804 1866 qui
820 1807 890 1865 ope·
941 1792 1033 1848 modo
1048 1792 1290 1865 congelaverant.
1306 1796 1377 1851 llinc
1390 1797 1468 1851 cuim
1483 1800 1511 1853 et
1524 1796 1717 1869 Evangelinm
1730 1797 1775 1853 di·

59 1887 145 1943 ratur
157 1884 187 1940 in
202 1883 243 1941 eie
254 1889 284 1940 et
296 1882 381 1948 velle,
395 1887 423 1939 et
438 1883 567 1957 operari,
583 1899 634 1955 pro
645 1882 725 1938 bona
739 1881 890 1938 voluntate
941 1882 978 1938 cit
991 1898 998 1936 :
1012 1881 1156 1947 Octauiam
1168 1882 1332 1940 abundabit
1352 1885 1495 1957 iniquitas
1514 1886 1685 1957 refrigescet
1706 1886 1774 1943 rha-

58 1973 203 2047 (Ptu'lipp.
219 1989 248 2040 ιι,
270 1975 311 2043 ta,
330 1974 384 2040 ld).
941 1970 1015 2026 ritas
1030 1970 1191 2028 multorum
1209 1972 1330 2039 (Matth.
1344 1990 1427 2040 xxiv,
1450 1973 1502 2046 ιι).
1519 1975 1557 2030 At
1589 1990 1657 2030 vero
1683 1974 1775 2031 flante

92 2062 208 2121 CAPUT
223 2060 300 2119 llllt.
319 2064 408 2116 -5t.
426 2061 494 2117 lloec
509 2059 681 2132 estjustitia
695 2059 756 2126 Dei,
771 2059 829 2115 hoc
844 2062 890 2115 est
941 2064 1054 2121 austro,
1068 2058 1176 2131 glacies
1191 2060 1361 2125 resolvitur,
1375 2066 1404 2117 et
1434 2068 1577 2118 torrentes
1605 2061 1713 2130 fluunt,
1742 2063 1773 2120 id

60 2150 143 2224 good
156 2150 236 2206 Deus
254 2150 347 2206 donat
359 2149 486 2215 homini,
503 2166 571 2205 cum
588 2147 735 2220 justificat
749 2148 888 2219 impium.
940 2154 984 2204 est
995 2149 1124 2218 peccatis
1138 2149 1280 2215 remissis,
1295 2149 1398 2221 populi
1414 2150 1452 2206 ad
1466 2149 1616 2207 Christum
1630 2152 1773 2209 charitate

61 2239 145 2297 lianc
165 2240 215 2296 Dei
236 2239 385 2312 justitiam
405 2240 578 2308 ignorantes
597 2237 718 2310 superbi
736 2237 841 2303 turiei,
861 2240 890 2293 et
939 2241 1131 2295 concurrunt.
1148 2237 1347 2294 lliocetslibi
1364 2240 1587 2310 scriptumest:
1609 2241 1694 2297 Sicut
1706 2243 1774 2313 glo-

62 2344 150 2385 eoam
172 2328 307 2385 volentes
323 2326 510 2392 constituere,
521 2328 646 2398 justitia
661 2326 711 2381 Dei
737 2341 797 2382 ιιοιι
820 2329 889 2382 stant
941 2325 998 2383 cies
1012 2325 1772 2402 insereuo‚ttasatoentarpeecatatua(declinati).

61 2417 188 2489 subjecti
202 2417 297 2487 (Rom.
310 2433 336 2483 ιι,
347 2417 390 2488 3),
405 2415 462 2472 hac
477 2416 618 2487 superbia
634 2418 642 2452 ¹
657 2414 845 2488 deliciantur,
858 2420 890 2472 ut
977 2414 1089 2470 CAPUT
1102 2415 1196 2470 xxttt.
1209 2447 1242 2457 -
1258 2420 1303 2472 56.
1321 2416 1446 2472 Proinde
1461 2418 1614 2475 rationalis
1627 2426 1772 2486 creatura,

60 2505 185 2565 humilis
198 2506 346 2563 inseratur
362 2505 497 2561 oleaster.
516 2508 549 2561 Et
559 2504 600 2561 illi
615 2504 739 2560 ibunlin
749 2504 887 2560 tenebras
942 2503 1004 2558 slve
1017 2502 1047 2558 in
1068 2503 1205 2573 angelico
1227 2504 1344 2574 spiritu,
1366 2505 1427 2561 sive
1455 2507 1483 2562 in
1505 2507 1608 2563 anima
1627 2507 1772 2576 humana,

61 2595 233 2664 exteriores,
246 2594 284 2651 rls
298 2595 410 2666 quibus
425 2594 500 2650 inter
515 2593 575 2650 alia
596 2594 756 2666 requisisti,
770 2593 888 2649 venien·
941 2591 982 2649 ita
991 2590 1069 2649 lacta
1079 2598 1133 2658 est,
1145 2599 1177 2648 ot
1186 2592 1243 2649 sibi
1257 2593 1323 2664 ipsa
1334 2593 1449 2650 bonum
1460 2610 1521 2666 quo
1531 2593 1621 2652 beata
1633 2595 1694 2660 liat,
1707 2612 1774 2653 esee

10 2688 12 2695 '
61 2684 141 2741 tibus
153 2682 194 2740 ab
204 2683 316 2740 oriente
326 2689 355 2739 et
366 2682 520 2739 occidente
530 2681 701 2754 multisoni
712 2680 888 2738 recumbent
941 2695 1003 2737 non
1018 2682 1126 2753 possit;
1143 2681 1194 2738 sed
1210 2681 1397 2739 mutabilitas
1413 2685 1478 2753 ejus
1492 2684 1515 2739 si
1531 2690 1721 2741 convertatur
1735 2685 1774 2742 ad

60 2788 128 2831 cum
144 2771 310 2835 Abraham,
323 2771 405 2828 lsaac
424 2776 453 2828 et
470 2771 560 2828 Jacob
584 2772 614 2826 in
633 2785 725 2841 regno
742 2769 886 2826 coelorum
940 2768 1188 2826 incommutabile
1204 2769 1328 2836 bonum,
1350 2771 1402 2827 fiat
1420 2771 1526 2828 beate:
1549 2772 1628 2829 unde
1647 2773 1671 2828 si
1690 2789 1776 2830 arer-

59 2860 183 2937 (Μαιιιι.
196 2877 252 2931 vus,
270 2864 311 2927 li,
327 2861 382 2928 tl).
400 2862 471 2917 Sunt
487 2861 566 2915 enim
581 2860 672 2916 modo
685 2859 714 2915 in
727 2859 835 2914 exteris
849 2864 888 2915 te·
941 2861 1029 2924 latur,
1046 2859 1156 2914 misera
1170 2864 1223 2914 est.
1241 2859 1363 2915 aversio
1378 2860 1443 2930 ejus
1455 2860 1558 2917 sitium
1572 2862 1649 2930 ejus,
1665 2866 1692 2917 et
1702 2877 1777 2918 con·

10 2998 20 3031 .,
59 2950 174 3019 nebris,
190 2949 272 3006 unde
285 2948 630 3022 correctiodesperanda
645 2963 705 3004 non
722 2953 780 3014 cst;
793 2963 888 3020 quam
944 2947 1038 3004 versio
1046 2947 1110 3019 ejus
1121 2947 1211 3004 virtus
1218 2948 1344 3017 eiusest.
1355 2951 1464 3004 Natura
1472 2963 1544 3015 ergo
1556 2963 1615 3005 ιιοιι
1626 2955 1671 3007 est
1683 2951 1774 3017 mala,

59 3039 84 3096 si
99 3037 445 3110 contempserint‚ibunt
457 3038 486 3093 ιιι
503 3037 640 3094 tenebras
654 3036 823 3102 exteriores,
837 3035 888 3092 uhi
942 3035 1014 3108 quia
1028 3040 1164 3092 creatura
1189 3036 1310 3107 spiritus
1337 3036 1397 3093 vita
1414 3039 1422 3074 ¹
1444 3040 1490 3093 est
1517 3037 1684 3104 stationalis,
1706 3054 1775 3111 quaa

59 3125 256 3185 correctionis
267 3126 351 3183 locus
362 3140 422 3182 ιιοιι
438 3125 657 3197 eritzquoniam
668 3126 746 3181 Deus
769 3125 824 3182 tua·
836 3129 887 3193 est,
943 3122 1775 3198 etiamprivatahonocujusparticipationebeatificatur.

59 3224 87 3275 et
101 3216 233 3275 tenebra
246 3216 278 3272 iu
300 3231 333 3273 eo
354 3231 414 3271 noo
429 3222 498 3271 sunt
510 3216 581 3271 utta
599 3214 621 3286 (l
636 3215 724 3271 Joao.
739 3229 759 3282 ι,
777 3215 821 3283 5);
837 3214 889 3270 sed
943 3213 973 3270 id
989 3218 1042 3280 est,
1058 3213 1147 3269 etiam
1163 3212 1279 3282 vitiosa,
1297 3214 1459 3270 meliorest
1484 3230 1520 3271 eo
1540 3231 1665 3289 corpore
1692 3217 1776 3289 quod

58 3305 111 3363 lox
126 3304 237 3370 cordis,
254 3320 314 3362 non
331 3305 454 3360 istorum
472 3305 522 3376 qui
541 3304 572 3360 in
593 3318 682 3359 carne
698 3308 768 3359 sunt
790 3303 891 3359 oculo·
945 3318 1100 3359 summum
1115 3306 1159 3358 est
1179 3302 1209 3358 in
1235 3302 1423 3374 corporibus,
1440 3304 1469 3360 id
1483 3310 1538 3371 est,
1553 3305 1609 3361 bac
1624 3305 1689 3362 luce
1707 3321 1776 3379 quas

59 3410 146 3461 rum,
157 3408 214 3449 uec
232 3394 356 3450 omnino
369 3392 446 3458 talis,
462 3392 559 3465 qualis
572 3392 661 3464 hujus
679 3390 753 3446 lucis
769 3389 891 3446 visibilis
945 3390 1070 3447 sentitur
1080 3389 1290 3456 oculiscarnis,
1302 3392 1373 3464 quia
1384 3397 1412 3448 et
1422 3393 1487 3465 ipsa
1497 3400 1660 3465 estcorpus
1673 3413 1679 3452 :
1693 3394 1777 3453 omni

61 3482 224 3557 phantasia
243 3482 599 3555 cogitat11r3quanquam
615 3480 696 3537 stibi
715 3486 760 3536 est
777 3480 889 3545 sidere,
944 3486 1046 3537 autem
1066 3494 1191 3551 corpore
1209 3480 1351 3552 quelibet
1365 3481 1544 3554 incorporea
1561 3488 1669 3541 natura
1688 3500 1778 3557 pras-

59 3571 210 3641 esdlonge
221 3571 313 3636 aliter,
328 3571 415 3640 longe
427 3570 615 3626 dissimiliter.
638 3568 739 3636 Qualis
749 3569 830 3624 euim
841 3569 893 3625 lux
945 3570 1055 3625 tantior
1067 3574 1112 3624 est
1126 3588 1133 3625 ι
1146 3583 1207 3624 ιιοιι
1224 3568 1309 3629 mole.
1327 3570 1400 3642 quia
1421 3573 1539 3627 nonnisi
1553 3588 1714 3645 corporum
1733 3578 1779 3632 est

61 3658 185 3730 estipss
195 3658 335 3725 charitas,
349 3660 417 3732 quis
429 3660 528 3714 verbis
544 3657 689 3728 explicet?
704 3657 772 3730 quis
787 3672 891 3713 earum
947 3656 1047 3722 moles,
1061 3654 1114 3712 sed
1130 3657 1159 3712 ri
1176 3656 1386 3730 quadamque
1406 3660 1630 3731 supergreditur
1654 3677 1779 3719 omnem

59 3763 164 3805 rerum
177 3763 245 3820 qum
259 3748 398 3804 sensibus
410 3748 508 3804 carnis
523 3746 672 3821 adjacent.
683 3746 743 3802 ullo
753 3748 893 3802 demons-
946 3745 1148 3818 phantasiam,
1158 3760 1250 3816 quam
1260 3745 1373 3801 volutat
1382 3747 1503 3804 animus
1514 3748 1652 3806 haustam
1664 3751 1702 3807 de
1712 3767 1780 3806 sen·

60 3840 119 3893 trel
132 3835 291 3909 exemplo‘l
304 3841 346 3892 Λιι
363 3838 437 3893 lorle
453 3836 501 3891 lux
518 3851 577 3891 non
592 3841 637 3892 est
651 3835 801 3890 charitas?
816 3832 893 3889 audi
948 3834 1031 3890 sibus
1044 3833 1524 3906 corporis.Sedquemadmodum
1539 3837 1568 3893 in
1584 3837 1657 3910 ipsis
1672 3854 1779 3911 corpo-

59 3925 235 3998 apoetolum
247 3927 410 3981 loannem:
424 3925 486 3998 ipse
500 3925 611 3996 qnippe
622 3923 697 3980 dixit
707 3923 789 3996 quod
802 3922 894 3978 modo
947 3923 1031 3978 ribus
1048 3938 1083 3978 ea
1097 3938 1161 3993 qum
1181 3921 1321 3978 inferiora
1336 3928 1417 3988 sunt,
1429 3924 1505 3980 sicut
1521 3928 1598 3982 terra
1614 3931 1644 3981 et
1655 3942 1736 3999 aquia
1748 3931 1777 3983 et

60 4014 310 4071 commemoravi.
330 4014 473 4082 Quoniam
491 4015 565 4070 Deae
584 4013 639 4070 tua
657 4020 710 4079 est,
724 4018 751 4069 et
767 4012 895 4068 tenebrae
947 4011 1013 4083 ipse
1034 4026 1094 4077 aer,
1111 4009 1235 4067 meliora
1250 4009 1325 4069 tirrut
1343 4012 1570 4086 participatione
1590 4013 1732 4080 melioris,
1746 4014 1777 4071 id

61 4118 120 4159 oon
135 4109 205 4159 suat
223 4102 296 4160 ineo
307 4103 392 4168 utlae;
404 4103 426 4175 <l
439 4103 527 4158 Joao.
542 4103 599 4166 aa)
613 4102 665 4174 qui
675 4117 793 4156 rursum
810 4099 892 4170 dicit,
948 4105 1003 4166 est,
1015 4115 1083 4155 cum
1094 4098 1160 4155 luce
1175 4097 1391 4168 illuminantur,
1407 4107 1436 4158 et
1450 4100 1565 4158 fervore
1578 4108 1775 4173 vegetantur:

63 4190 143 4249 Deus
157 4191 287 4249 chamas
301 4197 343 4248 est
354 4200 362 4252 t
369 4192 413 4247 ld.
423 4208 460 4255 ιι,
473 4192 512 4264 8).
528 4194 568 4247 Ac
582 4206 634 4263 per
646 4190 704 4246 hec
719 4191 742 4245 si
759 4188 894 4245 Derrslux
949 4190 1181 4260 sicincorporcae
1192 4195 1336 4247 creaturae
1347 4190 1508 4248 rationales
1523 4191 1618 4265 ipsius
1630 4193 1777 4249 creatoris

61 4286 122 4348 est,
136 4284 165 4337 et
179 4282 257 4338 lictu
273 4281 401 4337 charitas
416 4288 471 4346 est,
485 4280 619 4353 proiecto
629 4280 759 4336 charitas
773 4279 895 4351 luxipsa
949 4279 1025 4334 flunt
1038 4278 1264 4350 participatione
1280 4280 1427 4349 meliores,
1439 4297 1509 4337 cum
1522 4282 1548 4337 ei
1561 4281 1711 4338 cobserent
1726 4298 1778 4354 pu·

62 4376 123 4436 est,
133 4385 201 4442 qam
215 4369 393 4427 diffunditur
406 4371 434 4425 in
449 4369 591 4426 cordibus
613 4370 724 4425 nestris
739 4384 790 4441 per
804 4368 896 4441 Spiri·
949 4369 1069 4425 sissima
1082 4374 1110 4424 et
1122 4368 1312 4424 sanctissima
1323 4369 1479 4435 charitate;
1491 4387 1552 4443 qua
1564 4371 1741 4427 omnimodo
1752 4370 1777 4426 si

62 4463 131 4515 tum
147 4459 344 4531 sanctumqui
360 4457 449 4513 datus
461 4462 507 4513 est
516 4456 605 4513 nobis
615 4459 710 4524 (Rern.
727 4473 753 4523 r,
772 4459 809 4528 5).
825 4461 895 4511 ttem
950 4457 1109 4521 caruerint,
1126 4455 1345 4522 tenebrescunt,
1362 4462 1390 4513 et
1406 4457 1613 4514 obdurescunt
1625 4459 1778 4528 [quodam-

63 4546 139 4603 dioit
153 4562 160 4601 ι
177 4547 235 4616 Qui
245 4548 309 4603 odit
322 4548 433 4618 fratem
445 4562 543 4605 suum.
557 4548 588 4603 ia
608 4547 736 4604 tenebris
749 4552 790 4604 est
804 4559 897 4618 usque
951 4550 1052 4603 modo.

64 4635 419 4706 calamitosorum).
440 4639 503 4691 lstae
525 4639 595 4691 sunt
611 4634 753 4700 tenebra,
770 4635 798 4690 in
819 4650 897 4707 quas
987 4640 1030 4691 57.
1047 4632 1157 4691 Poinde
1177 4632 1312 4689 infideles
1330 4633 1468 4692 homines
1485 4635 1611 4692 tenebras
1624 4640 1709 4704 sunt;
1724 4638 1777 4708 qui

64 4724 206 4781 diabolus
231 4729 260 4780 et
275 4725 363 4793 angel
376 4725 441 4794 ejus
462 4723 588 4779 multum
610 4722 812 4794 superbiendo
830 4737 898 4794 pro·
951 4740 1004 4797 per
1014 4723 1104 4780 fidem
1119 4721 1255 4778 conversi
1267 4721 1420 4789 stlDeum,
1434 4725 1569 4798 quadam
1580 4724 1778 4797 premissail·

66 4812 166 4887 gressi
184 4818 263 4869 sunt.
287 4813 422 4870 Charitas
434 4813 513 4869 enim
527 4828 586 4868 non
599 4813 768 4883 aemulator,
781 4827 842 4868 non
855 4811 897 4866 in·
952 4810 1331 4873 luminationeluxiiunl.ln
1341 4814 1778 4886 quaproficiendoslexlldead

67 4902 159 4959 flator
176 4903 199 4974 (l
220 4902 286 4960 Gor.
312 4918 373 4967 xur,
396 4903 434 4973 l).
458 4901 529 4959 ldee
550 4917 611 4958 ιιοιι
630 4902 798 4971 aemulatur,
826 4902 898 4973 quia
952 4904 1075 4977 speciem
1087 4902 1283 4974 pervenerint.
1297 4902 1363 4958 utid
1373 4905 1455 4976 quod
1472 4905 1596 4960 credunt
1612 4904 1778 4960 etiamcon·

67 5007 131 5048 non
149 4990 291 5048 inllatur:
314 4991 365 5047 ubi
379 4993 458 5047 enim
473 4991 613 5063 praecedit
623 4990 746 5061 inflatio,
757 4991 898 5046 continuo
952 4993 1075 5067 spicere,
1090 4991 1166 5046 sicut
1178 4996 1293 5048 tantum
1308 4991 1423 5048 bonum
1440 4999 1537 5066 potest
1553 4991 1699 5065 conspici,
1717 5007 1776 5048 me·

66 5080 202 5153 sequitur
211 5081 379 5150 aemulatio;
391 5081 536 5153 quoniam
545 5078 687 5151 superbia
698 5086 792 5136 mator
802 5084 847 5135 est
856 5079 899 5135 ιιι·
952 5086 1084 5148 reantur,
1096 5079 1258 5154 perlectam
1269 5081 1412 5153 recipient
1422 5083 1584 5152 imaginem
1592 5083 1657 5148 θοις
1668 5080 1778 5137 talibus

66 5170 219 5226 ridentia.
953 5172 1034 5232 enim
1057 5170 1128 5227 dicit
1146 5168 1316 5240 spostolus,
1339 5170 1449 5227 Fuistis
1463 5170 1618 5242 aliquando
1638 5169 1777 5239 tenebram

105 5262 149 5315 55.
167 5258 307 5315 Diabolus
320 5258 409 5329 igitur
422 5263 451 5313 et
465 5255 562 5326 angeli
578 5257 642 5328 ejus
667 5272 686 5313 a
713 5256 779 5313 luce
809 5261 900 5330 atque
953 5283 1035 5326 nunc
1049 5272 1146 5324 aurem
1163 5265 1218 5320 lux
1231 5262 1262 5318 in
1278 5262 1403 5318 Domino
1417 5258 1507 5331 (Epa,
1521 5274 1548 5325 v,
1565 5261 1602 5328 8),
1619 5256 1778 5315 pon-odia.

66 5348 185 5407 ferv01'0
204 5346 476 5413 thflriitllisflvelib
503 5349 531 5401 ⁰¹
557 5346 645 5402 nlffll⁸
672 5346 701 5400 ¹¹¹
728 5346 901 5418 ¹¹¹ll⁰¹bl⁸¹1¹
955 5357 1041 5413 bolus
1054 5360 1084 5412 et
1095 5352 1277 5424 angeliejus,
1287 5351 1414 5407 tenebras
1426 5347 1672 5404 suntinlidelibns
1682 5346 1778 5404 honri·

66 5434 275 5510 invidiamque
292 5435 450 5508 progressi,
464 5433 545 5490 velut
566 5433 685 5505 glaciali
712 5434 821 5492 duritia
845 5440 904 5491 tor.
957 5447 1045 5504 nibus
1066 5442 1225 5502 “terior-os
1248 5446 1258 5478 ι
1283 5456 1289 5495 :
1314 5439 1383 5511 plus
1402 5439 1481 5494 enim
1504 5437 1543 5493 ab
1566 5436 1616 5493 illa
1635 5435 1778 5493 charitate

103 5599 113 5631 ¹
128 5595 207 5655 hdo,
224 5610 253 5645 oe
265 5595 397 5709 eugerhia.
411 5594 474 5644 llas.
491 5594 575 5644 ilatio.
591 5596 617 5643 et
636 5606 650 5642 e
664 5593 764 5642 nostris
778 5592 843 5653 duo,
857 5593 904 5644 ttae
987 5594 995 5626 ¹
1010 5591 1050 5640 lta
1060 5589 1121 5639 Mes.
1131 5581 1760 5645 stexcusihabenusptruaesttauteutecetis.

71 5658 275 5723 superbiendi
312 5657 385 5713 sllic.
403 5657 502 5723 plures,
513 5656 560 5707 ttae
573 5656 686 5724 superbi.
988 5653 998 5684 ¹
1017 5652 1093 5711 Edd..
1111 5650 1257 5715 infidelibus
1277 5647 1423 5699 homiuibus
1444 5645 1589 5696 deteriores.
1607 5646 1641 5695 nt
1661 5644 1779 5696 melioris
