3952 6128
189 157 244 214 'tie

189 280 309 338 citatem
324 279 398 338 deos
417 279 559 338 colendos
573 283 690 353 putant,
707 296 836 355 eamque
846 281 1016 339 felicitatem

189 368 309 426 anobis
325 368 462 441 impediri
477 368 645 440 opinantes,
660 369 822 428 christiano
836 370 952 429 nomini
974 369 1016 424 in·

188 458 254 515 iesti
268 464 346 515 sunt.
363 457 741 529 Deincepsdicendumest,
751 461 930 533 sicutprimo
941 457 1015 515 libro

188 547 311 620 polliciti
322 563 427 602 sumus
442 545 655 619 (Dedicatssei,
669 548 717 604 lib.
736 566 753 614 ι,
768 567 792 605 c.
806 549 1015 623 36),adversus

187 635 300 707 eosqui
315 640 436 707 propter
452 636 621 709 vitampost
633 638 901 695 mortemiuturam
915 652 1014 694 neces-

187 722 300 779 sarium
309 723 480 780 existimant
490 724 736 782 cultumdeorum
746 743 881 793 suorum,
894 732 1015 799 propter

185 827 280 885 quam
289 811 380 867 vitam
389 811 813 872 noschristiasumus.lliclavi
823 815 914 873 etiarn
924 814 1013 871 trium

184 900 371 973 psalmorum
386 901 601 974 expositiones,
618 918 678 958 non
686 905 786 976 parvis
797 903 1012 970 voluminibus,

182 989 358 1060 sexagesimi
372 991 726 1065 septimi‚septuagcsimi
739 992 840 1064 primi,
856 996 1014 1066 septuage-

185 1077 254 1134 simi
267 1080 395 1151 septimi.
418 1079 532 1151 Reliqui
548 1080 686 1137 nondum
701 1080 802 1138 dictati
823 1097 920 1154 neque
940 1087 1013 1138 trac-

183 1168 244 1233 tati,
263 1168 453 1224 vehementer
467 1185 486 1225 a
500 1168 589 1225 nobis
601 1176 814 1243 exspectantur
826 1175 916 1243 atqua
928 1168 1012 1243 flagi-

183 1260 292 1313 tantur.
306 1257 351 1312 ab
367 1257 607 1314 hismerevocari
621 1263 650 1315 ct
660 1259 816 1325 retardari,
831 1259 1012 1317 irruentibus

184 1345 222 1402 de
237 1350 405 1402 transverso
421 1345 606 1417 quibuslibet
618 1347 845 1421 questionibus,
870 1349 954 1407 nolo:
972 1349 1012 1406 ita

182 1440 215 1491 ut
224 1434 420 1492 necllbrosdc
431 1436 665 1508 Trinitate,qnos
678 1438 766 1494 diuin
779 1438 1012 1495 manibusverso

182 1523 381 1597 nondumque
389 1524 547 1597 complevi,
557 1526 648 1582 modo
661 1528 812 1583 attendere
823 1527 924 1593 velim,
936 1543 1011 1601 quo·

182 1612 265 1668 niam
279 1612 368 1668 nimis
383 1612 505 1684 operosi
517 1618 597 1685 sunt,
611 1619 640 1671 ct
655 1631 672 1671 a
696 1616 802 1687 paucis
822 1631 874 1673 eos
890 1616 1010 1688 intelligi

181 1713 270 1772 posse
283 1699 412 1757 arbitror
428 1717 435 1768 ;
462 1702 541 1757 unde
557 1702 656 1773 magis
672 1709 859 1778 urgentque
874 1705 1010 1777 pluribus

182 1788 265 1846 utilia
278 1787 341 1846 iore
361 1803 530 1861 speramus.

216 1881 243 1934 2.
263 1877 327 1933 Non
347 1878 437 1946 enim,
452 1881 483 1934 ut
499 1878 617 1945 scribis,
634 1880 814 1952 Quis'gcoret,
836 1882 1010 1954 ignorabitur

182 1963 204 2037 (Ι
214 1966 344 2035 Goexiv,
358 1967 414 2039 ³8),
431 1966 468 2022 de
481 1967 576 2025 hacre
587 1969 664 2025 dixit
674 1970 848 2042 Apostolus,
863 1978 1008 2044 tanquam

181 2052 238 2110 ista
252 2070 344 2127 poena
357 2055 405 2111 ille
418 2055 595 2128 plectendus
618 2059 665 2124 sit,
682 2059 734 2131 qui
750 2075 811 2116 non
833 2060 910 2117 valet
924 2060 1010 2118 intel·

179 2141 302 2214 ligentia
316 2144 357 2199 sic
372 2143 543 2202 discernere
554 2145 739 2204 ineffabilem
752 2148 900 2206 Trinitatis
913 2150 1008 2208 nnita·

181 2236 250 2304 tem,
268 2233 346 2289 sicut
369 2233 547 2292 discernitur
560 2236 591 2291 in
606 2235 708 2292 animo
731 2242 835 2294 nostro
850 2240 1006 2310 memoria,

179 2320 495 2388 intellectus,voluutas
509 2324 644 2380 :aliunde
651 2326 1004 2399 liocdicebatdpostolus.

180 2410 265 2482 Lege,
282 2417 310 2468 at
321 2412 433 2467 videbis
445 2414 571 2484 quodea
579 2413 771 2486 loquebatur,
779 2432 847 2490 que
858 2416 950 2475 iidem
960 2418 1007 2475 vel

179 2514 277 2557 mores
292 2501 456 2558 multorum
466 2501 659 2568 edificarent,
674 2518 735 2559 non
748 2519 817 2576 que
827 2505 1007 2578 vixadpau-

178 2604 293 2657 corum,
311 2605 439 2662 eamque
451 2592 601 2661 exiguam,
614 2591 893 2666 quantulacumque
906 2595 935 2651 in
948 2595 1006 2654 bac

177 2667 237 2737 sita
249 2680 287 2736 de
301 2695 332 2736 re
349 2684 433 2737 tanta
447 2696 512 2737 esse
527 2684 634 2753 potest,
653 2681 881 2753 intelligentiam
904 2701 1006 2757 perve-

178 2768 294 2835 nirent;
312 2769 408 2836 idest,
423 2774 454 2824 ut
465 2768 574 2839 linguis
588 2769 748 2842 prophetia
769 2780 1004 2845 preponeretur,

179 2863 212 2915 ut
223 2873 285 2914 non
298 2857 469 2933 perturbate
478 2856 528 2914 illa
543 2863 725 2929 gererentur,
739 2861 825 2933 quasi
841 2863 1004 2934 prophetie

177 2946 299 3019 spiritus
313 2948 402 3004 etiam
417 2947 528 3004 invitos
539 2946 624 3020 loqui
635 2954 763 3019 cogeret,
778 2955 810 3005 ut
822 2949 961 3009 mulieres
973 2952 1004 3009 in

176 3036 301 3094 ecclesia
307 3041 448 3103 tacerent,
457 3041 488 3092 ut
497 3037 601 3093 omnia
607 3035 945 3098 honesteetsecundum
959 3057 1004 3098 or·

176 3123 277 3181 dinem
302 3125 417 3181 fierent.
432 3128 498 3181 llaec
512 3141 582 3181 cum
598 3131 710 3195 ageret,
731 3125 783 3192 ait,
809 3126 841 3183 Si
861 3129 921 3200 quis
933 3129 1004 3186 cidit

179 3230 232 3270 esse
242 3215 381 3289 propbeta,
398 3220 446 3270 cut
455 3213 625 3286 spiritualis,
641 3223 781 3286 cognoscet
793 3233 852 3289 que
860 3219 948 3275 scribo
960 3236 1004 3276 vo·

176 3303 226 3368 bis,
239 3305 306 3375 quin
316 3303 427 3360 Domita
437 3310 475 3359 cst
490 3303 656 3358 inundatum.
665 3303 697 3359 Si
708 3304 769 3375 quis
781 3312 869 3362 cotem
881 3308 1003 3379 s‘qnnrct,

177 3394 352 3466 ignorabitur
368 3415 378 3451 :
393 3394 439 3449 his
451 3393 551 3449 veritis
566 3409 720 3462 coercens,
736 3399 765 3451 et
786 3395 826 3452 ad
841 3398 1003 3469 pacificum

174 3482 313 3539 ordinem
326 3497 469 3539 revocans
485 3482 644 3555 inquietos,
670 3489 754 3541 tanto
765 3485 805 3540 ad
827 3486 1002 3547 seditionem

174 3568 326 3637 faciliores,
339 3576 454 3645 quanto
468 3571 524 3627 sibi
538 3572 836 3646 videbanturspiritu
849 3576 1002 3648 excellere,

174 3676 244 3716 cum
257 3660 460 3732 superbiendo
478 3666 587 3718 cuncta
616 3661 781 3719 turbarent.
804 3663 835 3719 st
853 3665 913 3736 quis
931 3681 1003 3738 ergo

174 3748 485 3822 videturpropltetcessc,
496 3756 545 3806 nist
555 3749 723 3823 spiritualis,
735 3758 881 3825 cepeoscet,
894 3753 1000 3828 inquit,

173 3854 232 3909 que
243 3838 331 3894 scribo
343 3838 425 3908 cobis,
440 3839 505 3911 quic
523 3838 636 3895 Domini
655 3846 695 3896 est
707 3842 879 3899 mandatum.
893 3844 1002 3916 Siquis

175 3928 380 3997 videturesse,
396 3936 424 3985 et
439 3930 541 4001 utique
555 3943 617 3985 non
629 3936 672 3986 cst
689 3946 696 3985 :
712 3931 851 4004 namqui
866 3935 923 4004 est,
938 3932 1002 3991 sine

173 4016 533 4090 dubitationccognoscit,
543 4033 598 4073 nec
608 4018 811 4076 admonitione
823 4026 851 4077 at
864 4021 1003 4079 cohorta-

174 4106 251 4162 tione
266 4122 343 4178 opus
356 4105 459 4174 babet,
474 4106 546 4178 quia
560 4106 663 4162 omnia
674 4107 800 4177 judicat,
814 4115 843 4165 at
856 4112 1002 4168 anemine

170 4192 322 4264 judicatur
336 4193 388 4266 (ld.
401 4209 432 4261 ιι,
448 4192 834 4266 titilliargoseditionaset
844 4199 1002 4270 perturba·

173 4282 269 4340 tiones
282 4283 311 4339 in
325 4282 457 4340 Ecclesia
472 4281 631 4348 iaciebant,
647 4283 883 4356 quividebantnr
893 4303 958 4345 esse
969 4288 1000 4346 in

170 4372 471 4445 Ecclesia,quodnon
484 4377 578 4429 erant.
589 4374 647 4428 llos
660 4373 747 4430 docet
757 4380 1001 4447 cognosceretis·

171 4462 245 4518 mini
258 4478 324 4519 esse
336 4461 699 4534 mandatum,quiccccest
710 4462 944 4535 sediticcs'sDcus,
955 4467 1000 4524 scd

170 4551 576 4625 peciaSs'qssiscutcms'grsorct,
590 4551 875 4623 s'pcorattscrpdest,
889 4556 1000 4630 impro-

169 4640 304 4698 babitur.
321 4644 385 4698 Non
397 4642 480 4698 enim
493 4643 581 4712 neus,
596 4642 620 4696 si
640 4641 680 4698 ad
706 4641 861 4701 scientiam
874 4644 998 4713 referas,

169 4728 289 4801 ignorat
301 4745 352 4786 ens
367 4729 478 4801 quibus
493 4730 629 4786 dicturus
644 4737 699 4797 est,
714 4731 775 4789 Noe
787 4734 850 4788 roei
864 4737 997 4807 corace.

169 4833 232 4884 siu,
249 4820 294 4890 27)
309 4834 318 4886 ;
334 4818 388 4874 sed
413 4832 518 4874 eorum
543 4818 727 4891 improbatio
741 4820 799 4878 hoc
815 4822 906 4880 verbo
927 4824 998 4881 insi·

169 4913 263 4964 nuata
277 4912 332 4964 est.

205 5000 232 5054 ³.
248 4998 320 5053 Cum
333 4998 435 5052 autem
448 4994 592 5051 Dominus
605 4995 694 5062 dicat,
703 4998 785 5055 Beati
796 5000 894 5057 mune
908 5003 996 5071 corda,

168 5088 292 5159 quoniam
307 5085 363 5158 ipsi
368 5082 454 5140 Deum
463 5083 589 5140 ridebunt
601 5085 713 5156 (liert.
727 5103 755 5152 v,
765 5086 801 5158 8),
814 5104 910 5162 aeque
921 5092 997 5150 visio

168 5185 255 5241 nobis
265 5185 295 5241 in
308 5184 368 5241 tine
381 5198 537 5240 summum
545 5184 705 5256 premium
720 5185 921 5257 promittatur,
932 5204 995 5247 nen

167 5278 213 5329 est
224 5273 432 5340 metuendum,
448 5273 474 5329 si
489 5287 570 5329 nnnc
584 5272 623 5329 ad
636 5272 795 5345 liquidum,
808 5290 877 5347 que
891 5276 928 5333 de
941 5276 993 5334 Dei

168 5368 275 5420 natura
284 5363 444 5432 credimus,
452 5363 624 5434 conspicere
638 5376 700 5418 non
710 5361 857 5430 valemus,
873 5379 911 5421 ne
923 5365 994 5425 inde

168 5450 207 5505 sit
220 5451 343 5521 dictum,
357 5452 410 5518 Qut
427 5454 547 5525 terrorest,
567 5450 749 5525 iquorebitur.
766 5453 841 5519 Quia
855 5454 936 5511 enim
961 5455 993 5514 in

167 5539 314 5611 sapientia
325 5541 447 5598 ticinen
459 5542 738 5613 cognovitmnndus
749 5556 802 5615 per
813 5541 992 5616 sapientiam

164 5626 273 5702 Deum,
278 5626 391 5702 placuit
402 5632 462 5689 beo
473 5646 527 5704 per
532 5631 686 5691 stultitiam
699 5631 920 5706 predicationis
932 5635 992 5695 sal·

832 156 865 215 S.
878 150 1075 213 utlettsrlrtl
1095 148 1257 209 EPlSCOPI

1845 154 1899 216 '1ss

1071 289 1124 332 ros
1138 275 1237 333 iacere
1259 276 1422 335 credentes.
1439 278 1507 336 llaec
1527 279 1650 338 stultitia
1664 280 1901 354 predicationis,

1070 379 1106 421 ac
1120 363 1242 422 stultum
1268 365 1329 432 liei,
1344 368 1428 442 qnod
1448 368 1612 442 sapientius
1631 375 1676 428 est
1687 370 1864 429 bominibus
1880 372 1904 443 (l

1070 452 1133 510 Gor.
1149 472 1168 519 ι,
1184 456 1228 521 et,
1239 456 1296 527 25),
1311 457 1582 515 multoecontrahit
1595 458 1782 527 adsalutem,
1796 464 1905 518 utnon

1069 542 1167 599 solum
1178 544 1230 616 qui
1241 544 1378 602 nondum
1392 550 1475 604 certa
1488 546 1587 604 valent
1602 547 1800 621 intelligentia
1813 564 1905 606 cons-

1068 631 1166 704 picere
1181 638 1321 690 naturam
1329 635 1489 709 ltei‚quam
1497 635 1556 693 lide
1565 642 1673 704 tenent,
1689 653 1794 695 rerum
1810 638 1905 697 etiam

1067 720 1121 794 qui
1134 719 1271 779 nondum
1299 723 1328 779 in
1354 723 1421 796 ipsa
1437 725 1542 782 anima
1555 743 1612 783 sua
1632 727 1672 784 ita
1687 727 1903 800 incorpoream

1068 809 1905 888 substantiamacorporisgeneralitatedecernuntque-

1068 899 1268 957 madmodum
1284 901 1436 959 certisunt
1447 919 1479 960 se
1490 904 1598 972 vivere,
1610 919 1709 971 nosse,
1726 905 1815 969 relic,
1832 905 1904 964 iden

1067 1002 1128 1044 non
1144 988 1203 1043 sint
1217 988 1306 1045 alieni
1320 990 1454 1060 asalute,
1473 1007 1568 1066 quam
1583 992 1708 1052 stultitia
1728 993 1779 1051 illa
1792 995 1905 1068 predi·

1068 1076 1194 1133 cationis
1206 1076 1347 1135 fidelibus
1363 1079 1487 1138 confert.

1102 1165 1130 1222 4.
1142 1165 1218 1222 Nam
1232 1167 1258 1221 si
1269 1172 1446 1240 proptereos
1455 1169 1536 1226 solos
1547 1169 1829 1229 Christusmortuus
1841 1177 1901 1239 est,

1066 1253 1119 1326 qui
1129 1253 1413 1327 certaintclligentia
1423 1265 1550 1329 possunt
1560 1259 1619 1316 ista
1628 1259 1808 1326 discernere,
1822 1276 1903 1334 pena

1066 1342 1177 1400 frustra
1191 1343 1220 1399 in
1233 1343 1363 1402 Ecclesia
1374 1345 1559 1404 laboramus.
1573 1349 1604 1405 Si
1615 1355 1729 1415 autem,
1749 1351 1836 1424 quod
1850 1368 1905 1409 se.

1065 1431 1137 1489 ritas
1146 1432 1248 1503 habat,
1260 1433 1369 1492 infirmi
1381 1435 1484 1507 populi
1494 1437 1681 1494 credentium
1691 1439 1731 1495 ad
1744 1439 1900 1496 medicum

1066 1526 1198 1587 currunt,
1212 1522 1341 1580 sanandi
1351 1538 1404 1596 per
1413 1524 1900 1597 Christumethunccruciilxum,

1066 1614 1098 1667 ut
1113 1610 1161 1667 ubi
1176 1610 1343 1675 abundavit
1357 1618 1525 1684 peccatum,
1550 1616 1777 1688 superabundet
1800 1619 1901 1690 gratia

1064 1699 1154 1766 (Rom.
1170 1717 1197 1766 v,
1211 1700 1277 1772 20),·
1292 1700 1375 1758 miris
1390 1701 1422 1757 flt
1437 1703 1536 1760 modis
1551 1721 1605 1776 per
1615 1704 1805 1764 altitudinem
1819 1707 1899 1764 divi·

1065 1787 1174 1845 tiarum
1184 1789 1337 1860 sapientie
1345 1794 1374 1846 et
1382 1791 1511 1848 scientie
1522 1793 1584 1858 Dei,
1596 1798 1625 1851 et
1633 1794 1900 1865 perinscrutabilia

1062 1875 1177 1948 judicia
1190 1878 1255 1947 aius
1268 1878 1324 1947 (ld.
1338 1895 1377 1943 xi,
1394 1879 1449 1951 33),
1457 1885 1490 1936 ut
1499 1885 1528 1937 et
1540 1881 1678 1939 nonnulli
1687 1898 1707 1939 a
1717 1886 1899 1956 corporibus

1063 1965 1240 2038 incorporea
1255 1966 1471 2035 discernentes,
1491 1985 1562 2026 cum
1582 1969 1640 2027 sibi
1662 1987 1699 2028 ex
1714 1972 1771 2029 hoe
1791 1973 1898 2045 magni

1063 2053 1210 2122 ridentur,
1232 2062 1260 2112 et
1271 2055 1393 2113 irrident
1409 2057 1563 2115 stultitiam
1580 2059 1812 2130 predicationis,
1833 2077 1898 2136 qua

1063 2142 1135 2198 salvi
1150 2142 1225 2199 liunt
1239 2144 1402 2211 credentes,
1418 2145 1458 2203 ab
1473 2147 1563 2204 unica
1578 2147 1626 2205 via
1643 2148 1732 2220 longe
1746 2158 1896 2220 exerrent,

1062 2247 1130 2304 que
1143 2232 1182 2289 ad
1198 2232 1287 2289 vitam
1300 2239 1443 2291 eternam
1456 2235 1521 2292 sola
1540 2236 1695 2308 perducit:
1712 2244 1742 2296 et
1760 2240 1849 2298 multi
1864 2240 1896 2299 in

1062 2335 1149 2377 cruce
1164 2321 1273 2379 Christi
1287 2320 1458 2393 gloriantes,
1479 2330 1507 2381 et
1522 2325 1562 2381 ab
1578 2327 1685 2383 cadem
1699 2328 1749 2385 sla
1767 2344 1831 2387 non
1850 2347 1896 2388 re·

1061 2411 1211 2477 cedentes,
1222 2410 1338 2468 etiamsi
1351 2412 1406 2468 ista
1417 2413 1685 2484 qnesubtilissime
1692 2416 1894 2488 disseruntur,

1060 2497 1210 2569 ignorant,
1226 2501 1300 2572 quia
1314 2515 1372 2557 non
1386 2502 1461 2575 perit
1474 2518 1551 2559 unus
1565 2519 1603 2560 ex
1617 2504 1674 2562 illis
1688 2507 1697 2543 ¹
1714 2521 1769 2579 pro
1779 2509 1894 2580 quibus

1060 2595 1198 2645 mortuns
1212 2593 1258 2644 ast
1273 2590 1703 2663 (loon.xvrr,lt),adeamdem
1717 2598 1894 2668 perveniant

1060 2677 1265 2743 eternitatem,
1282 2679 1436 2736 veritatem
1452 2682 1640 2753 charitatem,
1654 2683 1684 2740 id
1701 2690 1746 2742 est
1768 2686 1810 2744 ad
1831 2692 1895 2745 sta·

1060 2765 1162 2834 bilem,
1176 2771 1300 2835 cerem,
1314 2767 1496 2842 plenamque
1508 2768 1688 2838 felicitatem,
1706 2772 1756 2831 ubi
1769 2791 1895 2833 manen·

1061 2854 1151 2921 tibus,
1163 2855 1341 2924 videntibus,
1349 2858 1891 2936 amantibussuotcunctaperspicua.

1093 2945 1203 3001 CAPUT
1223 2947 1255 3001 ll.
1271 2949 1339 3002 -5.
1355 2946 1479 3004 Proinde
1493 2948 1523 3004 in
1538 2963 1632 3005 unum
1647 2950 1754 3018 Deum,
1773 2955 1892 3012 Patrem

1059 3036 1089 3091 et
1104 3033 1248 3091 Filinmet
1265 3034 1407 3107 Spiritum
1431 3040 1568 3094 sanctum
1583 3037 1671 3096 firma
1693 3040 1804 3114 pietate
1827 3058 1893 3100 cre·

1059 3121 1179 3190 damus,
1194 3123 1235 3179 ita
1247 3127 1340 3182 utnec
1352 3124 1439 3181 Filius
1449 3125 1588 3184 credatur
1599 3142 1663 3185 esse
1676 3130 1727 3201 qui
1739 3132 1827 3188 Pater
1835 3139 1890 3200 est,

1059 3227 1115 3268 nec
1128 3214 1211 3268 Pater
1224 3212 1277 3286 qui
1291 3212 1380 3269 Filius
1392 3217 1445 3279 est,
1460 3229 1515 3271 nec
1530 3217 1616 3273 Pater
1638 3232 1694 3274 nee
1720 3218 1810 3277 Filius
1835 3223 1891 3295 qui

1060 3301 1214 3374 utriusque
1224 3301 1351 3374 Spiritus
1360 3307 1412 3359 est.
1424 3303 1503 3359 Nihil
1513 3310 1632 3376 putetur
1642 3307 1672 3363 in
1680 3307 1738 3365 hac
1748 3310 1891 3368 'l'rinitate

1059 3390 1246 3463 temporibus
1257 3390 1369 3446 locisve
1381 3391 1492 3449 distare
1504 3410 1511 3461 ;
1527 3394 1581 3450 sed
1593 3394 1658 3452 bec
1677 3396 1734 3454 tria
1758 3398 1891 3472 equalis

1059 3494 1124 3536 esse
1139 3485 1168 3535 et
1178 3483 1337 3549 coeterna,
1352 3483 1381 3536 et
1395 3480 1521 3538 omnino
1533 3497 1599 3540 esse
1610 3500 1671 3541 una
1683 3491 1794 3545 natura
1808 3502 1890 3547 :non

1058 3570 1171 3625 ai’atre
1184 3567 1285 3631 aliam,
1299 3573 1328 3625 et
1341 3584 1359 3625 a
1374 3568 1444 3626 Filio
1458 3570 1559 3644 aliam,
1573 3576 1601 3631 et
1615 3589 1635 3630 a
1652 3573 1764 3647 Spiritu
1784 3583 1889 3637 sancto

1058 3655 1149 3714 aliam
1160 3654 1312 3713 conditam
1322 3672 1387 3715 esse
1398 3664 1585 3729 creaturam;
1602 3662 1654 3719 sed
1665 3664 1769 3722 omnia
1787 3672 1818 3723 at
1830 3668 1891 3724 sin·

1059 3744 1130 3816 gula
1148 3761 1214 3818 que
1229 3752 1330 3803 creata
1344 3751 1415 3803 sunt
1429 3746 1474 3804 vel
1488 3755 1636 3819 creantur,
1663 3752 1805 3811 trinitate
1828 3772 1889 3813 cre·

1059 3840 1128 3892 ante
1139 3835 1299 3892 subsistere
1309 3851 1364 3893 nec
1373 3852 1560 3910 quemquam
1573 3839 1719 3900 liberaris
1730 3843 1816 3902 Patre
1825 3847 1889 3904 sina

1060 3923 1130 3981 Filio
1145 3929 1174 3980 et
1189 3923 1298 3996 Spiritu
1308 3929 1422 3992 sancto,
1436 3933 1488 3983 aut
1500 3942 1518 3984 a
1529 3928 1599 3986 i‘ilic
1611 3931 1674 3987 sine
1686 3933 1769 3990 Patre
1782 3939 1812 3990 ct
1826 3936 1888 4009 Spi-

1058 4013 1118 4071 ritu
1132 4018 1234 4069 sanctc
1249 4017 1301 4070 aut
1317 4029 1335 4070 a
1349 4014 1460 4086 Spiritu
1470 4017 1580 4075 Sancto
1590 4019 1746 4078 sinePatre
1756 4028 1786 4080 et
1798 4024 1887 4091 tillim

1059 4101 1143 4158 seda
1165 4102 1248 4158 Patre
1260 4105 1290 4158 et
1309 4103 1379 4159 i'ilio
1392 4108 1421 4161 et
1441 4105 1551 4177 Spiritu
1566 4114 1682 4179 sancte
1707 4126 1778 4178 uno,
1804 4128 1886 4178 vero,

1057 4205 1186 4263 vereque
1198 4190 1371 4262 immortali,
1388 4191 1417 4249 id
1428 4195 1563 4251 estomni
1579 4196 1671 4255 modo
1686 4198 1887 4260 incommuta·

1057 4277 1109 4336 bili
1134 4278 1199 4336 solo
1222 4281 1290 4336 lieo.
1312 4280 1401 4338 llulta
1421 4287 1521 4340 autem
1549 4285 1640 4343 etiarn
1663 4289 1830 4360 separatim
1854 4292 1886 4349 in

1058 4368 1218 4441 Scripturis
1227 4368 1265 4426 de
1275 4369 1402 4442 singulis
1417 4370 1487 4443 dici,
1505 4377 1536 4429 ut
1549 4372 1728 4440 insinuetur,
1741 4380 1885 4451 quamvis

1057 4458 1264 4532 inseparabilis
1273 4459 1411 4526 Trinitas,
1425 4464 1527 4518 tamen
1534 4464 1679 4522 Trinitas:
1695 4474 1726 4523 ut
1737 4470 1888 4542 quemad·

1058 4547 1183 4604 modum
1199 4547 1290 4606 simul
1306 4547 1365 4605 dici
1380 4564 1440 4606 non
1453 4558 1580 4622 possunt
1594 4568 1664 4610 cum
1678 4555 1763 4613 sonis
1779 4573 1887 4632 corpo·

1055 4636 1171 4693 ratibus
1192 4645 1477 4705 commemorantur,
1492 4640 1635 4713 quamvis
1651 4644 1741 4702 simul
1762 4646 1825 4705 sint
1844 4648 1888 4706 in·

1057 4724 1263 4798 separabiliter
1276 4742 1284 4793 ;
1299 4727 1339 4784 ita
1353 4733 1382 4783 et
1400 4728 1584 4800 quibusdam
1603 4732 1828 4806 scripturarum
1839 4736 1887 4797 lo·

1057 4816 1109 4882 cis,
1121 4819 1148 4872 et
1159 4830 1211 4887 per
1225 4815 1374 4887 quasdam
1386 4823 1537 4875 creaturas
1552 4820 1727 4891 singillatim
1737 4824 1885 4885 vicissim·

1056 4919 1115 4977 que
1135 4909 1344 4973 monstrentur,
1365 4907 1441 4963 sicut
1462 4906 1546 4965 Pater
1563 4909 1754 4986 iuvocequa
1773 4917 1886 4983 sonuit,

1063 4993 1144 5049 Tae
1155 4993 1340 5051 liliusmeus
1351 4995 1438 5065 (Luc.
1449 5012 1491 5062 ιιι,
1502 4997 1547 5068 tt)
1558 5015 1567 5069 ;
1579 5001 1609 5054 et
1619 4999 1709 5057 Filius
1721 5001 1753 5058 in
1761 5001 1887 5063 bomine

1055 5097 1148 5155 quem
1163 5080 1295 5155 suscepit
1309 5098 1344 5139 ex
1368 5083 1486 5154 Virgine
1506 5085 1561 5157 (ld,
1583 5105 1610 5154 ιι,
1632 5091 1662 5160 7)
1682 5105 1689 5157 ;
1706 5096 1735 5147 et
1757 5089 1887 5164 Spiritus

1055 5174 1179 5227 sanctus
1198 5171 1229 5227 in
1243 5171 1394 5230 columbe
1409 5174 1507 5245 specie
1528 5177 1677 5248 corporali
1692 5180 1817 5250 (uate.
1844 5196 1886 5251 ιιι,

1056 5261 1100 5333 re)
1112 5277 1119 5317 :
1133 5260 1197 5317 hec
1211 5263 1372 5332 separatim
1383 5263 1518 5337 quidem,
1533 5264 1587 5323 sed
1597 5266 1782 5328 nullomodo
1797 5287 1885 5347 sepa·

1055 5354 1123 5406 rata
1143 5349 1198 5408 tria
1211 5348 1262 5406 illa
1276 5348 1495 5410 demonstrant.

1081 5520 1090 5556 ¹
1104 5519 1167 5569 Mes.
1181 5520 1236 5571 duo
1250 5536 1292 5579 v..
1302 5536 1356 5572 coss
1367 5524 1436 5586 perit
1447 5539 1514 5576 ιιιιιιι
1528 5541 1559 5577 se
1566 5528 1681 5593 pusillis.
1705 5528 1792 5598 Prope
1809 5547 1884 5588 aces·

1046 5581 1334 5713 grsssqigngiqnoqu.,
1345 5587 1392 5651 qul
1403 5586 1498 5640 babet:
1516 5590 1577 5641 Nost
1590 5593 1661 5656 perit
1674 5606 1745 5647 nass
1758 5597 1882 5663 wittae
