<?xml version="1.0" encoding="UTF-8"?>
<!DOCTYPE html PUBLIC "-//W3C//DTD XHTML 1.0 Transitional//EN"
    "http://www.w3.org/TR/xhtml1/DTD/xhtml1-transitional.dtd">
<html xmlns="http://www.w3.org/1999/xhtml" xml:lang="en" lang="en">
 <head>
  <title>
</title>
<meta http-equiv="Content-Type" content="text/html;charset=utf-8" />
  <meta name='ocr-system' content='tesseract 3.04.00' />
  <meta name='ocr-capabilities' content='ocr_page ocr_carea ocr_par ocr_line ocrx_word'/>
</head>
<body>
  <div class='ocr_page' id='page_1' title='image "./patrologiaecurs05saingoog_0347.png"; bbox 0 0 3952 6128; ppageno 0'>
   <div class='ocr_carea' id='block_1_1' title="bbox 127 136 1842 219">
    <p class='ocr_par' dir='ltr' id='par_1_1' title="bbox 127 136 1842 219">
     <span class='ocr_line' id='line_1_1' title="bbox 127 136 1842 219; baseline 0 -16"><span class='ocrx_word' id='word_1_1' title='bbox 127 162 179 219; x_wconf 65' lang='lat'><strong><em>08,</em></strong></span> <span class='ocrx_word' id='word_1_2' title='bbox 768 138 1191 203; x_wconf 77' lang='lat' dir='ltr'><strong><em>a.enuusv1n1nvvscom</em></strong></span> <span class='ocrx_word' id='word_1_3' title='bbox 1785 136 1842 203; x_wconf 86' lang='lat' dir='ltr'><strong><em>tat</em></strong></span> 
     </span>
    </p>
   </div>
   <div class='ocr_carea' id='block_1_2' title="bbox 127 268 1865 5427">
    <p class='ocr_par' dir='ltr' id='par_1_2' title="bbox 127 268 1865 5427">
     <span class='ocr_line' id='line_1_2' title="bbox 127 268 1845 360; baseline -0.009 -16"><span class='ocrx_word' id='word_1_4' title='bbox 127 283 296 360; x_wconf 89' lang='lat' dir='ltr'><strong><em>apostoliea</em></strong></span> <span class='ocrx_word' id='word_1_5' title='bbox 307 269 954 353; x_wconf 78' lang='lat' dir='ltr'><strong><em>verbsproiauaimpediensparvutosadsa·</em></strong></span> <span class='ocrx_word' id='word_1_6' title='bbox 1009 284 1077 327; x_wconf 92' lang='lat' dir='ltr'><strong><em>mas</em></strong></span> <span class='ocrx_word' id='word_1_7' title='bbox 1092 273 1131 329; x_wconf 87' lang='lat' dir='ltr'><strong><em>ad</em></strong></span> <span class='ocrx_word' id='word_1_8' title='bbox 1142 272 1362 345; x_wconf 83' lang='lat' dir='ltr'><strong><em>poenastartari</em></strong></span> <span class='ocrx_word' id='word_1_9' title='bbox 1382 270 1492 329; x_wconf 78' lang='lat' dir='ltr'><strong><em>nabet.</em></strong></span> <span class='ocrx_word' id='word_1_10' title='bbox 1513 270 1654 329; x_wconf 78' lang='lat' dir='ltr'><strong>Nonnulli</strong></span> <span class='ocrx_word' id='word_1_11' title='bbox 1672 284 1749 329; x_wconf 88' lang='lat' dir='ltr'><strong><em>saue</em></strong></span> <span class='ocrx_word' id='word_1_12' title='bbox 1762 268 1845 329; x_wconf 67' lang='lat' dir='ltr'><strong><em>nodi</em></strong></span> 
     </span>
     <span class='ocr_line' id='line_1_3' title="bbox 127 358 1843 445; baseline -0.009 -12"><span class='ocrx_word' id='word_1_13' title='bbox 127 375 357 445; x_wconf 79' lang='lat' dir='ltr'><strong><em>lutem‚quaeest</em></strong></span> <span class='ocrx_word' id='word_1_14' title='bbox 370 369 400 425; x_wconf 92' lang='lat' dir='ltr'><strong><em>in</em></strong></span> <span class='ocrx_word' id='word_1_15' title='bbox 416 365 531 424; x_wconf 80' lang='lat' dir='ltr'><strong><em>cbristo</em></strong></span> <span class='ocrx_word' id='word_1_16' title='bbox 541 367 612 421; x_wconf 87' lang='lat' dir='ltr'><strong><em>lesu</em></strong></span> <span class='ocrx_word' id='word_1_17' title='bbox 623 362 752 420; x_wconf 86' lang='lat' dir='ltr'><strong><em>Domino</em></strong></span> <span class='ocrx_word' id='word_1_18' title='bbox 763 363 956 417; x_wconf 77' lang='lat' dir='ltr'><strong><em>nostroztan·</em></strong></span> <span class='ocrx_word' id='word_1_19' title='bbox 1010 374 1059 415; x_wconf 88' lang='lat' dir='ltr'><strong><em>oss</em></strong></span> <span class='ocrx_word' id='word_1_20' title='bbox 1074 374 1134 417; x_wconf 94' lang='lat' dir='ltr'><strong><em>non</em></strong></span> <span class='ocrx_word' id='word_1_21' title='bbox 1150 360 1272 428; x_wconf 88' lang='lat' dir='ltr'><strong><em>habeut,</em></strong></span> <span class='ocrx_word' id='word_1_22' title='bbox 1288 364 1382 418; x_wconf 85' lang='lat' dir='ltr'><strong><em>ineos</em></strong></span> <span class='ocrx_word' id='word_1_23' title='bbox 1399 361 1454 433; x_wconf 77' lang='lat' dir='ltr'><strong><em>qui</em></strong></span> <span class='ocrx_word' id='word_1_24' title='bbox 1467 374 1529 417; x_wconf 90' lang='lat' dir='ltr'><strong><em>non</em></strong></span> <span class='ocrx_word' id='word_1_25' title='bbox 1536 366 1740 431; x_wconf 79' lang='lat' dir='ltr'><strong><em>peccauerunt</em></strong></span> <span class='ocrx_word' id='word_1_26' title='bbox 1753 371 1767 433; x_wconf 89' lang='lat'><strong><em>,·</em></strong></span> <span class='ocrx_word' id='word_1_27' title='bbox 1779 358 1843 427; x_wconf 88' lang='lat' dir='ltr'><strong><em>sed,</em></strong></span> 
     </span>
     <span class='ocr_line' id='line_1_4' title="bbox 127 447 1847 532; baseline -0.009 -10"><span class='ocrx_word' id='word_1_28' title='bbox 127 469 159 523; x_wconf 88' lang='lat' dir='ltr'><strong><em>to</em></strong></span> <span class='ocrx_word' id='word_1_29' title='bbox 168 462 265 532; x_wconf 86' lang='lat' dir='ltr'><strong><em>magis</em></strong></span> <span class='ocrx_word' id='word_1_30' title='bbox 279 459 359 515; x_wconf 87' lang='lat' dir='ltr'><strong><em>enirn</em></strong></span> <span class='ocrx_word' id='word_1_31' title='bbox 372 455 484 530; x_wconf 88' lang='lat' dir='ltr'><strong><em>prosis</em></strong></span> <span class='ocrx_word' id='word_1_32' title='bbox 498 452 582 527; x_wconf 86' lang='lat' dir='ltr'><strong><em>loqui</em></strong></span> <span class='ocrx_word' id='word_1_33' title='bbox 598 452 755 516; x_wconf 91' lang='lat' dir='ltr'><strong><em>debemus,</em></strong></span> <span class='ocrx_word' id='word_1_34' title='bbox 771 452 884 523; x_wconf 90' lang='lat' dir='ltr'><strong><em>quanto</em></strong></span> <span class='ocrx_word' id='word_1_35' title='bbox 898 447 955 521; x_wconf 91' lang='lat' dir='ltr'><strong><em>ipsi</em></strong></span> <span class='ocrx_word' id='word_1_36' title='bbox 1009 448 1042 505; x_wconf 93' lang='lat' dir='ltr'><strong><em>in</em></strong></span> <span class='ocrx_word' id='word_1_37' title='bbox 1055 463 1104 506; x_wconf 87' lang='lat' dir='ltr'><strong><em>eos</em></strong></span> <span class='ocrx_word' id='word_1_38' title='bbox 1117 449 1170 522; x_wconf 85' lang='lat' dir='ltr'><strong><em>qui</em></strong></span> <span class='ocrx_word' id='word_1_39' title='bbox 1181 457 1391 522; x_wconf 81' lang='lat' dir='ltr'><strong><em>peceaverunt,</em></strong></span> <span class='ocrx_word' id='word_1_40' title='bbox 1406 449 1438 506; x_wconf 93' lang='lat' dir='ltr'><strong><em>in</em></strong></span> <span class='ocrx_word' id='word_1_41' title='bbox 1452 449 1651 508; x_wconf 70' lang='lat' dir='ltr'><strong><em>similitudine</em></strong></span> <span class='ocrx_word' id='word_1_42' title='bbox 1660 450 1847 520; x_wconf 66' lang='lat' dir='ltr'><strong><em>prnsurus-</em></strong></span> 
     </span>
     <span class='ocr_line' id='line_1_5' title="bbox 127 537 1846 627; baseline -0.007 -18"><span class='ocrx_word' id='word_1_43' title='bbox 127 568 184 627; x_wconf 90' lang='lat' dir='ltr'><strong><em>pro</em></strong></span> <span class='ocrx_word' id='word_1_44' title='bbox 198 566 230 607; x_wconf 85' lang='lat' dir='ltr'><strong><em>se</em></strong></span> <span class='ocrx_word' id='word_1_45' title='bbox 243 547 326 620; x_wconf 86' lang='lat' dir='ltr'><strong><em>loqui</em></strong></span> <span class='ocrx_word' id='word_1_46' title='bbox 340 560 402 603; x_wconf 95' lang='lat' dir='ltr'><strong><em>non</em></strong></span> <span class='ocrx_word' id='word_1_47' title='bbox 414 548 554 618; x_wconf 79' lang='lat' dir='ltr'><strong>possunt.</strong></span> <span class='ocrx_word' id='word_1_48' title='bbox 571 543 631 600; x_wconf 81' lang='lat' dir='ltr'><strong><em>Per</em></strong></span> <span class='ocrx_word' id='word_1_49' title='bbox 645 556 738 597; x_wconf 88' lang='lat' dir='ltr'><strong><em>unum</em></strong></span> <span class='ocrx_word' id='word_1_50' title='bbox 753 538 899 597; x_wconf 77' lang='lat' dir='ltr'><strong><em>nominem</em></strong></span> <span class='ocrx_word' id='word_1_51' title='bbox 910 538 956 594; x_wconf 90' lang='lat' dir='ltr'><strong><em>in·</em></strong></span> <span class='ocrx_word' id='word_1_52' title='bbox 1009 537 1098 595; x_wconf 88' lang='lat' dir='ltr'><strong><em>tionis</em></strong></span> <span class='ocrx_word' id='word_1_53' title='bbox 1111 538 1185 596; x_wconf 83' lang='lat' dir='ltr'><strong><em>ddas</em></strong></span> <span class='ocrx_word' id='word_1_54' title='bbox 1198 555 1209 596; x_wconf 91' lang='grc'><strong><em>,·</em></strong></span> <span class='ocrx_word' id='word_1_55' title='bbox 1223 537 1467 612; x_wconf 85' lang='lat' dir='ltr'><strong><em>quibusquidem</em></strong></span> <span class='ocrx_word' id='word_1_56' title='bbox 1478 538 1579 595; x_wconf 88' lang='lat' dir='ltr'><strong><em>verbis</em></strong></span> <span class='ocrx_word' id='word_1_57' title='bbox 1591 537 1677 596; x_wconf 93' lang='lat' dir='ltr'><strong><em>nullo</em></strong></span> <span class='ocrx_word' id='word_1_58' title='bbox 1685 538 1783 596; x_wconf 89' lang='lat' dir='ltr'><strong><em>modo</em></strong></span> <span class='ocrx_word' id='word_1_59' title='bbox 1791 538 1846 597; x_wconf 83' lang='lat' dir='ltr'><strong><em>isle</em></strong></span> 
     </span>
     <span class='ocr_line' id='line_1_6' title="bbox 128 625 1845 709; baseline -0.008 -11"><span class='ocrx_word' id='word_1_60' title='bbox 128 640 221 698; x_wconf 85' lang='lat' dir='ltr'><strong><em>truoit</em></strong></span> <span class='ocrx_word' id='word_1_61' title='bbox 231 642 384 709; x_wconf 68' lang='lat' dir='ltr'><strong><em>metutam</em></strong></span> <span class='ocrx_word' id='word_1_62' title='bbox 396 632 625 703; x_wconf 89' lang='lat' dir='ltr'><strong><em>inmundum,et</em></strong></span> <span class='ocrx_word' id='word_1_63' title='bbox 635 636 846 702; x_wconf 84' lang='lat' dir='ltr'><strong><em>perpeeeatum</em></strong></span> <span class='ocrx_word' id='word_1_64' title='bbox 858 639 957 697; x_wconf 71' lang='lat' dir='ltr'><strong><em>mors,</em></strong></span> <span class='ocrx_word' id='word_1_65' title='bbox 1009 643 1118 684; x_wconf 87' lang='lat' dir='ltr'><strong><em>seusus</em></strong></span> <span class='ocrx_word' id='word_1_66' title='bbox 1133 627 1276 685; x_wconf 73' lang='lat' dir='ltr'><strong>aufertur.</strong></span> <span class='ocrx_word' id='word_1_67' title='bbox 1293 627 1466 685; x_wconf 85' lang='lat' dir='ltr'><strong><em>seeundum</em></strong></span> <span class='ocrx_word' id='word_1_68' title='bbox 1478 626 1536 683; x_wconf 89' lang='lat' dir='ltr'><strong><em>boo</em></strong></span> <span class='ocrx_word' id='word_1_69' title='bbox 1549 625 1845 701; x_wconf 86' lang='lat' dir='ltr'><strong><em>quippeintelligun·</em></strong></span> 
     </span>
     <span class='ocr_line' id='line_1_7' title="bbox 128 715 1845 792; baseline -0.008 -4"><span class='ocrx_word' id='word_1_70' title='bbox 128 736 156 788; x_wconf 89' lang='lat' dir='ltr'><strong><em>et</em></strong></span> <span class='ocrx_word' id='word_1_71' title='bbox 170 732 213 787; x_wconf 84' lang='lat' dir='ltr'><strong><em>itu</em></strong></span> <span class='ocrx_word' id='word_1_72' title='bbox 227 729 259 785; x_wconf 92' lang='lat' dir='ltr'><strong><em>in</em></strong></span> <span class='ocrx_word' id='word_1_73' title='bbox 272 739 372 784; x_wconf 89' lang='lat' dir='ltr'><strong><em>omnes</em></strong></span> <span class='ocrx_word' id='word_1_74' title='bbox 382 722 512 781; x_wconf 78' lang='lat' dir='ltr'><strong><em>homines</em></strong></span> <span class='ocrx_word' id='word_1_75' title='bbox 531 719 716 792; x_wconf 69' lang='lat' dir='ltr'><strong><em>pertransiit,</em></strong></span> <span class='ocrx_word' id='word_1_76' title='bbox 732 719 764 775; x_wconf 90' lang='lat' dir='ltr'><strong><em>in</em></strong></span> <span class='ocrx_word' id='word_1_77' title='bbox 782 732 840 790; x_wconf 77' lang='lat' dir='ltr'><strong><em>quo</em></strong></span> <span class='ocrx_word' id='word_1_78' title='bbox 855 730 955 773; x_wconf 84' lang='lat' dir='ltr'><strong><em>omnes</em></strong></span> <span class='ocrx_word' id='word_1_79' title='bbox 1010 719 1059 773; x_wconf 88' lang='lat' dir='ltr'><strong><em>tur</em></strong></span> <span class='ocrx_word' id='word_1_80' title='bbox 1072 730 1215 789; x_wconf 75' lang='lat' dir='ltr'><strong><em>peoomse</em></strong></span> <span class='ocrx_word' id='word_1_81' title='bbox 1226 716 1260 772; x_wconf 90' lang='lat' dir='ltr'><strong><em>in</em></strong></span> <span class='ocrx_word' id='word_1_82' title='bbox 1273 715 1472 774; x_wconf 72' lang='lat' dir='ltr'><strong><em>similitudine</em></strong></span> <span class='ocrx_word' id='word_1_83' title='bbox 1485 716 1749 787; x_wconf 74' lang='lat' dir='ltr'><strong><em>prevaricationis</em></strong></span> <span class='ocrx_word' id='word_1_84' title='bbox 1761 717 1845 789; x_wconf 71' lang='lat' dir='ltr'><strong><em>adn,</em></strong></span> 
     </span>
     <span class='ocr_line' id='line_1_8' title="bbox 127 803 1846 891; baseline -0.007 -14"><span class='ocrx_word' id='word_1_85' title='bbox 127 823 338 891; x_wconf 79' lang='lat' dir='ltr'><strong><em>peceaverunt.</em></strong></span> <span class='ocrx_word' id='word_1_86' title='bbox 358 814 440 869; x_wconf 87' lang='lat' dir='ltr'><strong><em>Sient</em></strong></span> <span class='ocrx_word' id='word_1_87' title='bbox 454 812 493 868; x_wconf 95' lang='lat' dir='ltr'><strong><em>ab</em></strong></span> <span class='ocrx_word' id='word_1_88' title='bbox 504 811 553 868; x_wconf 90' lang='lat' dir='ltr'><strong><em>illo</em></strong></span> <span class='ocrx_word' id='word_1_89' title='bbox 573 824 633 866; x_wconf 92' lang='lat' dir='ltr'><strong><em>uno</em></strong></span> <span class='ocrx_word' id='word_1_90' title='bbox 644 807 778 873; x_wconf 92' lang='lat' dir='ltr'><strong><em>homine,</em></strong></span> <span class='ocrx_word' id='word_1_91' title='bbox 792 805 834 862; x_wconf 89' lang='lat' dir='ltr'><strong><em>sie</em></strong></span> <span class='ocrx_word' id='word_1_92' title='bbox 854 804 893 862; x_wconf 90' lang='lat' dir='ltr'><strong><em>ab</em></strong></span> <span class='ocrx_word' id='word_1_93' title='bbox 907 819 956 862; x_wconf 92' lang='lat' dir='ltr'><strong><em>eo-</em></strong></span> <span class='ocrx_word' id='word_1_94' title='bbox 1010 805 1177 862; x_wconf 80' lang='lat' dir='ltr'><strong><em>saevrndum</em></strong></span> <span class='ocrx_word' id='word_1_95' title='bbox 1200 804 1284 878; x_wconf 87' lang='lat' dir='ltr'><strong><em>qnod</em></strong></span> <span class='ocrx_word' id='word_1_96' title='bbox 1312 818 1406 878; x_wconf 87' lang='lat' dir='ltr'><strong><em>sopra</em></strong></span> <span class='ocrx_word' id='word_1_97' title='bbox 1419 803 1534 862; x_wconf 89' lang='lat' dir='ltr'><strong><em>dietum</em></strong></span> <span class='ocrx_word' id='word_1_98' title='bbox 1549 811 1607 872; x_wconf 89' lang='lat' dir='ltr'><strong><em>est,</em></strong></span> <span class='ocrx_word' id='word_1_99' title='bbox 1622 807 1656 862; x_wconf 92' lang='lat' dir='ltr'><strong><em>s&#39;n</em></strong></span> <span class='ocrx_word' id='word_1_100' title='bbox 1671 820 1733 878; x_wconf 85' lang='lat' dir='ltr'><strong><em>quo</em></strong></span> <span class='ocrx_word' id='word_1_101' title='bbox 1745 820 1846 865; x_wconf 84' lang='lat' dir='ltr'><strong><em>ornnes</em></strong></span> 
     </span>
     <span class='ocr_line' id='line_1_9' title="bbox 129 894 1846 980; baseline -0.008 -14"><span class='ocrx_word' id='word_1_102' title='bbox 129 909 200 966; x_wconf 90' lang='lat' dir='ltr'><strong><em>dem</em></strong></span> <span class='ocrx_word' id='word_1_103' title='bbox 219 910 343 980; x_wconf 77' lang='lat' dir='ltr'><strong><em>peceato</em></strong></span> <span class='ocrx_word' id='word_1_104' title='bbox 356 902 484 958; x_wconf 86' lang='lat' dir='ltr'><strong><em>intentes</em></strong></span> <span class='ocrx_word' id='word_1_105' title='bbox 502 900 727 955; x_wconf 87' lang='lat' dir='ltr'><strong><em>immunesesse</em></strong></span> <span class='ocrx_word' id='word_1_106' title='bbox 742 910 804 951; x_wconf 92' lang='lat' dir='ltr'><strong><em>non</em></strong></span> <span class='ocrx_word' id='word_1_107' title='bbox 816 898 954 966; x_wconf 80' lang='lat' dir='ltr'><strong><em>possum,</em></strong></span> <span class='ocrx_word' id='word_1_108' title='bbox 1008 900 1218 965; x_wconf 82' lang='lat' dir='ltr'><strong><em>peccauerunt.</em></strong></span> <span class='ocrx_word' id='word_1_109' title='bbox 1236 894 1292 953; x_wconf 85' lang='lat' dir='ltr'><strong><em>Sed</em></strong></span> <span class='ocrx_word' id='word_1_110' title='bbox 1305 899 1405 952; x_wconf 88' lang='lat' dir='ltr'><strong><em>tamen</em></strong></span> <span class='ocrx_word' id='word_1_111' title='bbox 1416 894 1502 966; x_wconf 75' lang='lat' dir='ltr'><strong><em>grad</em></strong></span> <span class='ocrx_word' id='word_1_112' title='bbox 1515 894 1645 961; x_wconf 84' lang='lat' dir='ltr'><strong><em>eodioss,</em></strong></span> <span class='ocrx_word' id='word_1_113' title='bbox 1663 894 1748 952; x_wconf 86' lang='lat' dir='ltr'><strong><em>unde</em></strong></span> <span class='ocrx_word' id='word_1_114' title='bbox 1762 894 1846 954; x_wconf 89' lang='lat' dir='ltr'><strong><em>inla-</em></strong></span> 
     </span>
     <span class='ocr_line' id='line_1_10' title="bbox 129 980 1846 1066; baseline -0.006 -11"><span class='ocrx_word' id='word_1_115' title='bbox 129 997 189 1056; x_wconf 85' lang='lat' dir='ltr'><strong><em>niai</em></strong></span> <span class='ocrx_word' id='word_1_116' title='bbox 200 995 239 1053; x_wconf 94' lang='lat' dir='ltr'><strong><em>ab</em></strong></span> <span class='ocrx_word' id='word_1_117' title='bbox 249 994 314 1066; x_wconf 87' lang='lat' dir='ltr'><strong><em>ejus</em></strong></span> <span class='ocrx_word' id='word_1_118' title='bbox 326 992 416 1049; x_wconf 91' lang='lat' dir='ltr'><strong><em>beatu</em></strong></span> <span class='ocrx_word' id='word_1_119' title='bbox 429 1004 483 1062; x_wconf 90' lang='lat' dir='ltr'><strong><em>per</em></strong></span> <span class='ocrx_word' id='word_1_120' title='bbox 491 987 596 1046; x_wconf 83' lang='lat' dir='ltr'><strong><em>Christi</em></strong></span> <span class='ocrx_word' id='word_1_121' title='bbox 608 980 956 1059; x_wconf 80' lang='lat' dir='ltr'><strong><em>Baptismnmresolvan·</em></strong></span> <span class='ocrx_word' id='word_1_122' title='bbox 1012 982 1107 1040; x_wconf 89' lang='lat' dir='ltr'><strong><em>tinum</em></strong></span> <span class='ocrx_word' id='word_1_123' title='bbox 1128 984 1280 1056; x_wconf 70' lang='lat' dir='ltr'><strong><em>Scriptura</em></strong></span> <span class='ocrx_word' id='word_1_124' title='bbox 1292 981 1437 1041; x_wconf 79' lang='lat' dir='ltr'><strong><em>uanslata</em></strong></span> <span class='ocrx_word' id='word_1_125' title='bbox 1450 987 1505 1053; x_wconf 89' lang='lat' dir='ltr'><strong><em>est,</em></strong></span> <span class='ocrx_word' id='word_1_126' title='bbox 1522 983 1597 1041; x_wconf 92' lang='lat' dir='ltr'><strong><em>illud</em></strong></span> <span class='ocrx_word' id='word_1_127' title='bbox 1612 983 1716 1058; x_wconf 89' lang='lat' dir='ltr'><strong><em>plures</em></strong></span> <span class='ocrx_word' id='word_1_128' title='bbox 1730 982 1846 1045; x_wconf 74' lang='lat' dir='ltr'><strong><em>bahem</em></strong></span> 
     </span>
     <span class='ocr_line' id='line_1_11' title="bbox 131 1071 1248 1157; baseline -0.016 -12"><span class='ocrx_word' id='word_1_129' title='bbox 131 1092 189 1146; x_wconf 88' lang='lat' dir='ltr'><strong><em>tur.</em></strong></span> <span class='ocrx_word' id='word_1_130' title='bbox 210 1085 306 1157; x_wconf 81' lang='lat' dir='ltr'><strong><em>Usque</em></strong></span> <span class='ocrx_word' id='word_1_131' title='bbox 320 1082 397 1139; x_wconf 89' lang='lat' dir='ltr'><strong><em>enim</em></strong></span> <span class='ocrx_word' id='word_1_132' title='bbox 410 1078 546 1150; x_wconf 77' lang='lat' dir='ltr'><strong><em>adlepem</em></strong></span> <span class='ocrx_word' id='word_1_133' title='bbox 557 1073 753 1148; x_wconf 82' lang='lat' dir='ltr'><strong><em>peecatumin</em></strong></span> <span class='ocrx_word' id='word_1_134' title='bbox 763 1072 875 1129; x_wconf 89' lang='lat' dir='ltr'><strong><em>mundo</em></strong></span> <span class='ocrx_word' id='word_1_135' title='bbox 884 1071 957 1144; x_wconf 75' lang='lat' dir='ltr'><strong><em>luit.-</em></strong></span> <span class='ocrx_word' id='word_1_136' title='bbox 1010 1072 1094 1146; x_wconf 84' lang='lat' dir='ltr'><strong><em>quod</em></strong></span> <span class='ocrx_word' id='word_1_137' title='bbox 1104 1071 1248 1129; x_wconf 83' lang='lat' dir='ltr'><strong><em>diximus.</em></strong></span> 
     </span>
     <span class='ocr_line' id='line_1_12' title="bbox 130 1159 1865 1247; baseline -0.007 -14"><span class='ocrx_word' id='word_1_138' title='bbox 130 1192 192 1233; x_wconf 93' lang='lat' dir='ltr'><strong><em>non</em></strong></span> <span class='ocrx_word' id='word_1_139' title='bbox 203 1174 277 1247; x_wconf 86' lang='lat' dir='ltr'><strong><em>qnia</em></strong></span> <span class='ocrx_word' id='word_1_140' title='bbox 288 1171 431 1241; x_wconf 82' lang='lat' dir='ltr'><strong><em>deinceps</em></strong></span> <span class='ocrx_word' id='word_1_141' title='bbox 446 1168 477 1223; x_wconf 93' lang='lat' dir='ltr'><strong><em>in</em></strong></span> <span class='ocrx_word' id='word_1_142' title='bbox 491 1165 610 1223; x_wconf 89' lang='lat' dir='ltr'><strong><em>nemine</em></strong></span> <span class='ocrx_word' id='word_1_143' title='bbox 620 1164 685 1230; x_wconf 89' lang='lat' dir='ltr'><strong><em>init,</em></strong></span> <span class='ocrx_word' id='word_1_144' title='bbox 699 1162 758 1219; x_wconf 86' lang='lat' dir='ltr'><strong><em>hoo</em></strong></span> <span class='ocrx_word' id='word_1_145' title='bbox 772 1161 953 1228; x_wconf 86' lang='lat' dir='ltr'><strong><em>diotnmeat;</em></strong></span> <span class='ocrx_word' id='word_1_146' title='bbox 1045 1165 1091 1218; x_wconf 79' lang='lat'><strong><em>20.</em></strong></span> <span class='ocrx_word' id='word_1_147' title='bbox 1108 1161 1194 1229; x_wconf 81' lang='lat' dir='ltr'><strong><em>Quod</em></strong></span> <span class='ocrx_word' id='word_1_148' title='bbox 1208 1176 1279 1219; x_wconf 87' lang='lat' dir='ltr'><strong><em>vero</em></strong></span> <span class='ocrx_word' id='word_1_149' title='bbox 1297 1159 1437 1233; x_wconf 81' lang='lat' dir='ltr'><strong><em>adjunxit</em></strong></span> <span class='ocrx_word' id='word_1_150' title='bbox 1450 1159 1489 1219; x_wconf 90' lang='lat' dir='ltr'><strong><em>de</em></strong></span> <span class='ocrx_word' id='word_1_151' title='bbox 1503 1160 1610 1227; x_wconf 76' lang='lat' dir='ltr'><strong><em>Adam,</em></strong></span> <span class='ocrx_word' id='word_1_152' title='bbox 1622 1162 1678 1234; x_wconf 79' lang='lat' dir='ltr'><strong><em>qni</em></strong></span> <span class='ocrx_word' id='word_1_153' title='bbox 1688 1168 1734 1220; x_wconf 90' lang='lat' dir='ltr'><strong><em>est</em></strong></span> <span class='ocrx_word' id='word_1_154' title='bbox 1742 1162 1846 1233; x_wconf 69' lang='lat' dir='ltr'><strong><em>forma</em></strong></span> <span class='ocrx_word' id='word_1_155' title='bbox 1861 1180 1865 1185; x_wconf 90' lang='lat'>·</span> 
     </span>
     <span class='ocr_line' id='line_1_13' title="bbox 130 1249 1843 1338; baseline -0.006 -16"><span class='ocrx_word' id='word_1_156' title='bbox 130 1267 183 1323; x_wconf 86' lang='lat' dir='ltr'><strong><em>sed</em></strong></span> <span class='ocrx_word' id='word_1_157' title='bbox 195 1263 334 1338; x_wconf 79' lang='lat' dir='ltr'><strong><em>quianon</em></strong></span> <span class='ocrx_word' id='word_1_158' title='bbox 342 1254 656 1333; x_wconf 84' lang='lat' dir='ltr'><strong><em>poteratperlitteram</em></strong></span> <span class='ocrx_word' id='word_1_159' title='bbox 666 1251 738 1325; x_wconf 88' lang='lat' dir='ltr'><strong><em>legis</em></strong></span> <span class='ocrx_word' id='word_1_160' title='bbox 749 1249 954 1323; x_wconf 89' lang='lat' dir='ltr'><strong><em>anlerri,qnod</em></strong></span> <span class='ocrx_word' id='word_1_161' title='bbox 1007 1250 1118 1321; x_wconf 74' lang='lat' dir='ltr'><strong><em>(ntum,</em></strong></span> <span class='ocrx_word' id='word_1_162' title='bbox 1138 1265 1237 1324; x_wconf 86' lang='lat' dir='ltr'><strong><em>neque</em></strong></span> <span class='ocrx_word' id='word_1_163' title='bbox 1247 1250 1305 1308; x_wconf 88' lang='lat' dir='ltr'><strong><em>hoe</em></strong></span> <span class='ocrx_word' id='word_1_164' title='bbox 1320 1265 1381 1308; x_wconf 95' lang='lat' dir='ltr'><strong><em>uuo</em></strong></span> <span class='ocrx_word' id='word_1_165' title='bbox 1395 1249 1568 1322; x_wconf 70' lang='lat' dir='ltr'><strong><em>intelligitur</em></strong></span> <span class='ocrx_word' id='word_1_166' title='bbox 1578 1250 1683 1308; x_wconf 91' lang='lat' dir='ltr'><strong><em>modo.</em></strong></span> <span class='ocrx_word' id='word_1_167' title='bbox 1696 1251 1843 1311; x_wconf 75' lang='lat' dir='ltr'><strong><em>Antonin</em></strong></span> 
     </span>
     <span class='ocr_line' id='line_1_14' title="bbox 130 1337 1843 1426; baseline -0.008 -14"><span class='ocrx_word' id='word_1_168' title='bbox 130 1354 195 1412; x_wconf 88' lang='lat' dir='ltr'><strong><em>solo</em></strong></span> <span class='ocrx_word' id='word_1_169' title='bbox 209 1353 326 1426; x_wconf 91' lang='lat' dir='ltr'><strong><em>poterat</em></strong></span> <span class='ocrx_word' id='word_1_170' title='bbox 344 1346 456 1420; x_wconf 78' lang='lat' dir='ltr'><strong><em>Spiritu</em></strong></span> <span class='ocrx_word' id='word_1_171' title='bbox 470 1345 582 1416; x_wconf 80' lang='lat' dir='ltr'><strong><em>gratim¹</em></strong></span> <span class='ocrx_word' id='word_1_172' title='bbox 596 1342 638 1399; x_wconf 89' lang='lat' dir='ltr'><strong><em>Ne</em></strong></span> <span class='ocrx_word' id='word_1_173' title='bbox 659 1342 821 1415; x_wconf 87' lang='lat' dir='ltr'><strong><em>quisquam</em></strong></span> <span class='ocrx_word' id='word_1_174' title='bbox 836 1353 906 1409; x_wconf 89' lang='lat' dir='ltr'><strong><em>ergo</em></strong></span> <span class='ocrx_word' id='word_1_175' title='bbox 919 1337 958 1394; x_wconf 86' lang='lat' dir='ltr'><strong><em>ii·</em></strong></span> <span class='ocrx_word' id='word_1_176' title='bbox 1010 1340 1109 1398; x_wconf 86' lang='lat' dir='ltr'><strong><em>lorma</em></strong></span> <span class='ocrx_word' id='word_1_177' title='bbox 1116 1338 1221 1397; x_wconf 87' lang='lat' dir='ltr'><strong><em>Christi</em></strong></span> <span class='ocrx_word' id='word_1_178' title='bbox 1236 1340 1412 1399; x_wconf 85' lang='lat' dir='ltr'><strong><em>aoontrario</em></strong></span> <span class='ocrx_word' id='word_1_179' title='bbox 1424 1343 1479 1412; x_wconf 87' lang='lat' dir='ltr'><strong><em>est,</em></strong></span> <span class='ocrx_word' id='word_1_180' title='bbox 1490 1340 1802 1414; x_wconf 83' lang='lat' dir='ltr'><strong><em>utquemadmodum</em></strong></span> <span class='ocrx_word' id='word_1_181' title='bbox 1814 1340 1843 1399; x_wconf 93' lang='lat' dir='ltr'><strong><em>in</em></strong></span> 
     </span>
     <span class='ocr_line' id='line_1_15' title="bbox 130 1427 1843 1502; baseline -0.007 -1"><span class='ocrx_word' id='word_1_182' title='bbox 130 1444 206 1501; x_wconf 91' lang='lat' dir='ltr'><strong><em>dsns</em></strong></span> <span class='ocrx_word' id='word_1_183' title='bbox 217 1441 256 1498; x_wconf 88' lang='lat' dir='ltr'><strong><em>de</em></strong></span> <span class='ocrx_word' id='word_1_184' title='bbox 267 1437 392 1502; x_wconf 88' lang='lat' dir='ltr'><strong><em>viribus,</em></strong></span> <span class='ocrx_word' id='word_1_185' title='bbox 400 1433 537 1491; x_wconf 88' lang='lat' dir='ltr'><strong><em>nondioo</em></strong></span> <span class='ocrx_word' id='word_1_186' title='bbox 549 1430 720 1496; x_wconf 86' lang='lat' dir='ltr'><strong><em>voluntatis,</em></strong></span> <span class='ocrx_word' id='word_1_187' title='bbox 738 1432 789 1485; x_wconf 90' lang='lat' dir='ltr'><strong><em>sed</em></strong></span> <span class='ocrx_word' id='word_1_188' title='bbox 802 1428 959 1501; x_wconf 87' lang='lat' dir='ltr'><strong><em>potiusve·</em></strong></span> <span class='ocrx_word' id='word_1_189' title='bbox 1010 1427 1061 1487; x_wconf 93' lang='lat' dir='ltr'><strong><em>illo</em></strong></span> <span class='ocrx_word' id='word_1_190' title='bbox 1073 1443 1179 1486; x_wconf 91' lang='lat' dir='ltr'><strong><em>omnes</em></strong></span> <span class='ocrx_word' id='word_1_191' title='bbox 1191 1429 1370 1500; x_wconf 91' lang='lat' dir='ltr'><strong><em>moriuntur,</em></strong></span> <span class='ocrx_word' id='word_1_192' title='bbox 1384 1428 1428 1485; x_wconf 88' lang='lat' dir='ltr'><strong><em>sie</em></strong></span> <span class='ocrx_word' id='word_1_193' title='bbox 1439 1433 1468 1487; x_wconf 87' lang='lat' dir='ltr'><strong><em>et</em></strong></span> <span class='ocrx_word' id='word_1_194' title='bbox 1481 1428 1636 1486; x_wconf 86' lang='lat' dir='ltr'><strong><em>inchristo</em></strong></span> <span class='ocrx_word' id='word_1_195' title='bbox 1647 1444 1761 1486; x_wconf 85' lang='lat' dir='ltr'><strong><em>omnes</em></strong></span> <span class='ocrx_word' id='word_1_196' title='bbox 1775 1429 1843 1489; x_wconf 86' lang='lat' dir='ltr'><strong><em>vivi·</em></strong></span> 
     </span>
     <span class='ocr_line' id='line_1_16' title="bbox 129 1516 1841 1598; baseline -0.009 -5"><span class='ocrx_word' id='word_1_197' title='bbox 129 1533 229 1593; x_wconf 89' lang='lat' dir='ltr'><strong><em>nitatis</em></strong></span> <span class='ocrx_word' id='word_1_198' title='bbox 248 1543 321 1595; x_wconf 85' lang='lat' dir='ltr'><strong><em>snas,</em></strong></span> <span class='ocrx_word' id='word_1_199' title='bbox 336 1527 456 1598; x_wconf 89' lang='lat' dir='ltr'><strong><em>putaret</em></strong></span> <span class='ocrx_word' id='word_1_200' title='bbox 469 1521 565 1578; x_wconf 88' lang='lat' dir='ltr'><strong><em>libero</em></strong></span> <span class='ocrx_word' id='word_1_201' title='bbox 579 1520 702 1577; x_wconf 88' lang='lat' dir='ltr'><strong><em>arbitrio</em></strong></span> <span class='ocrx_word' id='word_1_202' title='bbox 716 1518 813 1589; x_wconf 87' lang='lat' dir='ltr'><strong><em>legem</em></strong></span> <span class='ocrx_word' id='word_1_203' title='bbox 824 1517 958 1590; x_wconf 84' lang='lat' dir='ltr'><strong><em>potuisse</em></strong></span> <span class='ocrx_word' id='word_1_204' title='bbox 1010 1517 1149 1586; x_wconf 60' lang='lat' dir='ltr'><strong><em>lieentum</em></strong></span> <span class='ocrx_word' id='word_1_205' title='bbox 1179 1523 1208 1575; x_wconf 89' lang='lat' dir='ltr'><strong><em>et</em></strong></span> <span class='ocrx_word' id='word_1_206' title='bbox 1225 1517 1384 1591; x_wconf 78' lang='lat' dir='ltr'><strong><em>jqnomodo</em></strong></span> <span class='ocrx_word' id='word_1_207' title='bbox 1411 1532 1466 1591; x_wconf 91' lang='lat' dir='ltr'><strong><em>per</em></strong></span> <span class='ocrx_word' id='word_1_208' title='bbox 1483 1517 1580 1592; x_wconf 88' lang='lat' dir='ltr'><strong><em>ipsius</em></strong></span> <span class='ocrx_word' id='word_1_209' title='bbox 1602 1516 1841 1579; x_wconf 85' lang='lat' dir='ltr'><strong><em>inobedientiam</em></strong></span> 
     </span>
     <span class='ocr_line' id='line_1_17' title="bbox 131 1606 1839 1688; baseline -0.008 -9"><span class='ocrx_word' id='word_1_210' title='bbox 131 1606 957 1688; x_wconf 64' lang='lat' dir='ltr'><strong><em>sulficereetChristigratiamderideretsideoaittpos·</em></strong></span> <span class='ocrx_word' id='word_1_211' title='bbox 1011 1612 1181 1681; x_wconf 79' lang='lat' dir='ltr'><strong><em>peccatores</em></strong></span> <span class='ocrx_word' id='word_1_212' title='bbox 1209 1608 1360 1665; x_wconf 78' lang='lat' dir='ltr'><strong><em>constituti</em></strong></span> <span class='ocrx_word' id='word_1_213' title='bbox 1391 1611 1464 1663; x_wconf 89' lang='lat' dir='ltr'><strong><em>sunt</em></strong></span> <span class='ocrx_word' id='word_1_214' title='bbox 1490 1606 1586 1674; x_wconf 90' lang='lat' dir='ltr'><strong><em>multi,</em></strong></span> <span class='ocrx_word' id='word_1_215' title='bbox 1601 1608 1645 1664; x_wconf 88' lang='lat' dir='ltr'><strong><em>sie</em></strong></span> <span class='ocrx_word' id='word_1_216' title='bbox 1660 1622 1716 1681; x_wconf 86' lang='lat' dir='ltr'><strong><em>per</em></strong></span> <span class='ocrx_word' id='word_1_217' title='bbox 1738 1607 1839 1667; x_wconf 78' lang='lat' dir='ltr'><strong><em>Christi</em></strong></span> 
     </span>
     <span class='ocr_line' id='line_1_18' title="bbox 131 1694 1841 1777; baseline -0.008 -9"><span class='ocrx_word' id='word_1_218' title='bbox 131 1711 208 1769; x_wconf 90' lang='lat' dir='ltr'><strong><em>tolus</em></strong></span> <span class='ocrx_word' id='word_1_219' title='bbox 225 1724 232 1764; x_wconf 80' lang='lat' dir='ltr'><strong><em>z</em></strong></span> <span class='ocrx_word' id='word_1_220' title='bbox 247 1708 343 1777; x_wconf 81' lang='lat' dir='ltr'><strong><em>Usque</em></strong></span> <span class='ocrx_word' id='word_1_221' title='bbox 366 1704 443 1760; x_wconf 87' lang='lat' dir='ltr'><strong><em>enim</em></strong></span> <span class='ocrx_word' id='word_1_222' title='bbox 469 1699 510 1757; x_wconf 87' lang='lat' dir='ltr'><strong><em>od</em></strong></span> <span class='ocrx_word' id='word_1_223' title='bbox 525 1700 617 1770; x_wconf 74' lang='lat' dir='ltr'><strong><em>legem</em></strong></span> <span class='ocrx_word' id='word_1_224' title='bbox 630 1702 783 1768; x_wconf 84' lang='lat' dir='ltr'><strong><em>peccatum</em></strong></span> <span class='ocrx_word' id='word_1_225' title='bbox 804 1695 958 1751; x_wconf 83' lang='lat' dir='ltr'><strong><em>inmundo</em></strong></span> <span class='ocrx_word' id='word_1_226' title='bbox 1011 1695 1213 1753; x_wconf 87' lang='lat' dir='ltr'><strong><em>obedientiam</em></strong></span> <span class='ocrx_word' id='word_1_227' title='bbox 1232 1696 1306 1769; x_wconf 84' lang='lat' dir='ltr'><strong><em>justi</em></strong></span> <span class='ocrx_word' id='word_1_228' title='bbox 1325 1696 1547 1753; x_wconf 87' lang='lat' dir='ltr'><strong><em>eonstitnautur</em></strong></span> <span class='ocrx_word' id='word_1_229' title='bbox 1573 1694 1685 1754; x_wconf 89' lang='lat' dir='ltr'><strong><em>multi:</em></strong></span> <span class='ocrx_word' id='word_1_230' title='bbox 1708 1700 1766 1754; x_wconf 87' lang='lat' dir='ltr'><strong><em>aut</em></strong></span> <span class='ocrx_word' id='word_1_231' title='bbox 1788 1696 1841 1757; x_wconf 90' lang='lat' dir='ltr'><strong><em>lor·</em></strong></span> 
     </span>
     <span class='ocr_line' id='line_1_19' title="bbox 130 1783 1838 1873; baseline -0.006 -17"><span class='ocrx_word' id='word_1_232' title='bbox 130 1800 358 1873; x_wconf 66' lang='lat' dir='ltr'><strong><em>suinpeceutnm</em></strong></span> <span class='ocrx_word' id='word_1_233' title='bbox 369 1786 760 1858; x_wconf 81' lang='lat' dir='ltr'><strong><em>autemnondeputalutur¹</em></strong></span> <span class='ocrx_word' id='word_1_234' title='bbox 770 1799 836 1842; x_wconf 83' lang='lat' dir='ltr'><strong><em>eum</em></strong></span> <span class='ocrx_word' id='word_1_235' title='bbox 844 1784 957 1842; x_wconf 73' lang='lat' dir='ltr'><strong><em>kunnu</em></strong></span> <span class='ocrx_word' id='word_1_236' title='bbox 1011 1800 1093 1843; x_wconf 92' lang='lat' dir='ltr'><strong><em>mam</em></strong></span> <span class='ocrx_word' id='word_1_237' title='bbox 1110 1784 1201 1842; x_wconf 88' lang='lat' dir='ltr'><strong><em>loturi</em></strong></span> <span class='ocrx_word' id='word_1_238' title='bbox 1211 1800 1281 1842; x_wconf 91' lang='lat' dir='ltr'><strong><em>enm</em></strong></span> <span class='ocrx_word' id='word_1_239' title='bbox 1291 1783 1375 1852; x_wconf 83' lang='lat' dir='ltr'><strong><em>dixit,</em></strong></span> <span class='ocrx_word' id='word_1_240' title='bbox 1386 1784 1469 1859; x_wconf 83' lang='lat' dir='ltr'><strong><em>quod</em></strong></span> <span class='ocrx_word' id='word_1_241' title='bbox 1479 1784 1546 1858; x_wconf 89' lang='lat' dir='ltr'><strong><em>ipse</em></strong></span> <span class='ocrx_word' id='word_1_242' title='bbox 1559 1784 1701 1842; x_wconf 78' lang='lat' dir='ltr'><strong><em>inflixerit</em></strong></span> <span class='ocrx_word' id='word_1_243' title='bbox 1713 1784 1838 1845; x_wconf 83' lang='lat' dir='ltr'><strong><em>lorman</em></strong></span> 
     </span>
     <span class='ocr_line' id='line_1_20' title="bbox 130 1872 1839 1950; baseline -0.008 -2"><span class='ocrx_word' id='word_1_244' title='bbox 130 1883 433 1949; x_wconf 83' lang='lat' dir='ltr'><strong><em>esset.Nondixit,non</em></strong></span> <span class='ocrx_word' id='word_1_245' title='bbox 443 1872 959 1950; x_wconf 79' lang='lat' dir='ltr'><strong><em>erat;sed,nondepsstubutur,·qnia</em></strong></span> <span class='ocrx_word' id='word_1_246' title='bbox 1010 1872 1116 1931; x_wconf 89' lang='lat' dir='ltr'><strong><em>mortis</em></strong></span> <span class='ocrx_word' id='word_1_247' title='bbox 1132 1874 1260 1947; x_wconf 88' lang='lat' dir='ltr'><strong><em>posteris</em></strong></span> <span class='ocrx_word' id='word_1_248' title='bbox 1270 1873 1341 1930; x_wconf 85' lang='lat' dir='ltr'><strong><em>anis.</em></strong></span> <span class='ocrx_word' id='word_1_249' title='bbox 1359 1872 1408 1930; x_wconf 90' lang='lat' dir='ltr'><strong><em>ille</em></strong></span> <span class='ocrx_word' id='word_1_250' title='bbox 1419 1878 1520 1931; x_wconf 87' lang='lat' dir='ltr'><strong><em>tamen</em></strong></span> <span class='ocrx_word' id='word_1_251' title='bbox 1536 1879 1581 1930; x_wconf 87' lang='lat' dir='ltr'><strong><em>est</em></strong></span> <span class='ocrx_word' id='word_1_252' title='bbox 1591 1873 1698 1931; x_wconf 91' lang='lat' dir='ltr'><strong><em>melior</em></strong></span> <span class='ocrx_word' id='word_1_253' title='bbox 1711 1874 1839 1934; x_wconf 86' lang='lat' dir='ltr'><strong><em>intelles·</em></strong></span> 
     </span>
     <span class='ocr_line' id='line_1_21' title="bbox 131 1962 1837 2042; baseline -0.008 -6"><span class='ocrx_word' id='word_1_254' title='bbox 131 1979 179 2037; x_wconf 86' lang='lat' dir='ltr'><strong><em>lex</em></strong></span> <span class='ocrx_word' id='word_1_255' title='bbox 196 1991 256 2033; x_wconf 96' lang='lat' dir='ltr'><strong><em>non</em></strong></span> <span class='ocrx_word' id='word_1_256' title='bbox 275 1976 348 2038; x_wconf 88' lang='lat' dir='ltr'><strong><em>erat,</em></strong></span> <span class='ocrx_word' id='word_1_257' title='bbox 369 1984 432 2042; x_wconf 89' lang='lat' dir='ltr'><strong><em>qna</em></strong></span> <span class='ocrx_word' id='word_1_258' title='bbox 455 1972 599 2038; x_wconf 88' lang='lat' dir='ltr'><strong><em>arguente</em></strong></span> <span class='ocrx_word' id='word_1_259' title='bbox 613 1967 880 2029; x_wconf 87' lang='lat' dir='ltr'><strong><em>demonstraretur,</em></strong></span> <span class='ocrx_word' id='word_1_260' title='bbox 896 1963 959 2019; x_wconf 87' lang='lat' dir='ltr'><strong><em>sive</em></strong></span> <span class='ocrx_word' id='word_1_261' title='bbox 1011 1968 1071 2031; x_wconf 88' lang='lat' dir='ltr'><strong><em>tua,</em></strong></span> <span class='ocrx_word' id='word_1_262' title='bbox 1096 1967 1128 2020; x_wconf 94' lang='lat' dir='ltr'><strong><em>ut</em></strong></span> <span class='ocrx_word' id='word_1_263' title='bbox 1151 1979 1168 2019; x_wconf 88' lang='lat' dir='ltr'><strong><em>e</em></strong></span> <span class='ocrx_word' id='word_1_264' title='bbox 1194 1962 1344 2020; x_wconf 78' lang='lat' dir='ltr'><strong><em>contrario</em></strong></span> <span class='ocrx_word' id='word_1_265' title='bbox 1371 1963 1469 2020; x_wconf 90' lang='lat' dir='ltr'><strong><em>lormu</em></strong></span> <span class='ocrx_word' id='word_1_266' title='bbox 1487 1977 1553 2020; x_wconf 83' lang='lat' dir='ltr'><strong><em>esse</em></strong></span> <span class='ocrx_word' id='word_1_267' title='bbox 1571 1962 1726 2031; x_wconf 77' lang='lat' dir='ltr'><strong><em>credatur,</em></strong></span> <span class='ocrx_word' id='word_1_268' title='bbox 1750 1980 1837 2039; x_wconf 87' lang='lat' dir='ltr'><strong><em>quan</em></strong></span> 
     </span>
     <span class='ocr_line' id='line_1_22' title="bbox 131 2050 1836 2132; baseline -0.009 -4"><span class='ocrx_word' id='word_1_269' title='bbox 131 2057 493 2132; x_wconf 85' lang='lat' dir='ltr'><strong><em>lexrationis,inparvalo</em></strong></span> <span class='ocrx_word' id='word_1_270' title='bbox 508 2051 897 2126; x_wconf 80' lang='lat' dir='ltr'><strong><em>sivelexlitteraeiupopulo.</em></strong></span> <span class='ocrx_word' id='word_1_271' title='bbox 1012 2053 1140 2110; x_wconf 91' lang='lat' dir='ltr'><strong><em>multum</em></strong></span> <span class='ocrx_word' id='word_1_272' title='bbox 1154 2052 1350 2111; x_wconf 83' lang='lat' dir='ltr'><strong><em>sommendat</em></strong></span> <span class='ocrx_word' id='word_1_273' title='bbox 1363 2050 1534 2126; x_wconf 76' lang='lat' dir='ltr'><strong><em>Apostolus,</em></strong></span> <span class='ocrx_word' id='word_1_274' title='bbox 1565 2052 1701 2127; x_wconf 78' lang='lat' dir='ltr'><strong><em>Denique</em></strong></span> <span class='ocrx_word' id='word_1_275' title='bbox 1727 2069 1836 2113; x_wconf 86' lang='lat' dir='ltr'><strong><em>neom·</em></strong></span> 
     </span>
     <span class='ocr_line' id='line_1_23' title="bbox 169 2140 1835 2221; baseline -0.007 -9"><span class='ocrx_word' id='word_1_276' title='bbox 169 2159 212 2212; x_wconf 83' lang='grc'><strong><em>19.</em></strong></span> <span class='ocrx_word' id='word_1_277' title='bbox 228 2152 288 2212; x_wconf 87' lang='lat' dir='ltr'><strong><em>Sed</em></strong></span> <span class='ocrx_word' id='word_1_278' title='bbox 300 2152 448 2221; x_wconf 76' lang='lat' dir='ltr'><strong><em>regnauit,</em></strong></span> <span class='ocrx_word' id='word_1_279' title='bbox 462 2141 812 2219; x_wconf 68' lang='lat' dir='ltr'><strong><em>monitumnonitum</em></strong></span> <span class='ocrx_word' id='word_1_280' title='bbox 820 2141 959 2214; x_wconf 72' lang='lat' dir='ltr'><strong><em>mausoli</em></strong></span> <span class='ocrx_word' id='word_1_281' title='bbox 1011 2143 1085 2200; x_wconf 94' lang='lat' dir='ltr'><strong><em>nino</em></strong></span> <span class='ocrx_word' id='word_1_282' title='bbox 1101 2157 1135 2199; x_wconf 88' lang='lat' dir='ltr'><strong><em>er</em></strong></span> <span class='ocrx_word' id='word_1_283' title='bbox 1153 2157 1242 2216; x_wconf 79' lang='lat' dir='ltr'><strong><em>aequo</em></strong></span> <span class='ocrx_word' id='word_1_284' title='bbox 1263 2142 1293 2198; x_wconf 93' lang='lat' dir='ltr'><strong><em>in</em></strong></span> <span class='ocrx_word' id='word_1_285' title='bbox 1310 2140 1473 2199; x_wconf 87' lang='lat' dir='ltr'><strong><em>haelorma</em></strong></span> <span class='ocrx_word' id='word_1_286' title='bbox 1485 2142 1591 2199; x_wconf 89' lang='lat' dir='ltr'><strong><em>eadem</em></strong></span> <span class='ocrx_word' id='word_1_287' title='bbox 1606 2142 1762 2201; x_wconf 81' lang='lat' dir='ltr'><strong><em>eontravia</em></strong></span> <span class='ocrx_word' id='word_1_288' title='bbox 1773 2158 1835 2218; x_wconf 90' lang='lat' dir='ltr'><strong><em>psu-</em></strong></span> 
     </span>
     <span class='ocr_line' id='line_1_24' title="bbox 132 2229 1833 2318; baseline -0.004 -21"><span class='ocrx_word' id='word_1_289' title='bbox 132 2249 251 2318; x_wconf 75' lang='lat' dir='ltr'><strong><em>Moysen</em></strong></span> <span class='ocrx_word' id='word_1_290' title='bbox 266 2259 276 2307; x_wconf 90' lang='lat'><strong><em>,·</em></strong></span> <span class='ocrx_word' id='word_1_291' title='bbox 290 2239 363 2313; x_wconf 90' lang='lat' dir='ltr'><strong><em>qnia</em></strong></span> <span class='ocrx_word' id='word_1_292' title='bbox 382 2251 439 2293; x_wconf 87' lang='lat' dir='ltr'><strong><em>nea</em></strong></span> <span class='ocrx_word' id='word_1_293' title='bbox 450 2235 496 2292; x_wconf 86' lang='lat' dir='ltr'><strong><em>lex</em></strong></span> <span class='ocrx_word' id='word_1_294' title='bbox 510 2233 583 2291; x_wconf 89' lang='lat' dir='ltr'><strong><em>data</em></strong></span> <span class='ocrx_word' id='word_1_295' title='bbox 596 2248 650 2306; x_wconf 86' lang='lat' dir='ltr'><strong><em>per</em></strong></span> <span class='ocrx_word' id='word_1_296' title='bbox 664 2233 786 2306; x_wconf 73' lang='lat' dir='ltr'><strong><em>lloysen</em></strong></span> <span class='ocrx_word' id='word_1_297' title='bbox 802 2231 898 2303; x_wconf 91' lang='lat' dir='ltr'><strong><em>potuit</em></strong></span> <span class='ocrx_word' id='word_1_298' title='bbox 912 2246 961 2287; x_wconf 84' lang='lat' dir='ltr'><strong><em>re·</em></strong></span> <span class='ocrx_word' id='word_1_299' title='bbox 1012 2236 1160 2297; x_wconf 81' lang='lat' dir='ltr'><strong><em>serentur,</em></strong></span> <span class='ocrx_word' id='word_1_300' title='bbox 1176 2231 1315 2303; x_wconf 87' lang='lat' dir='ltr'><strong><em>adjungit</em></strong></span> <span class='ocrx_word' id='word_1_301' title='bbox 1328 2229 1506 2300; x_wconf 88' lang='lat' dir='ltr'><strong><em>etdioit,Sed</em></strong></span> <span class='ocrx_word' id='word_1_302' title='bbox 1520 2246 1581 2288; x_wconf 92' lang='lat' dir='ltr'><strong><em>non</em></strong></span> <span class='ocrx_word' id='word_1_303' title='bbox 1591 2230 1671 2289; x_wconf 84' lang='lat' dir='ltr'><strong><em>sieut</em></strong></span> <span class='ocrx_word' id='word_1_304' title='bbox 1687 2232 1833 2303; x_wconf 73' lang='lat' dir='ltr'><strong><em>deltoton,</em></strong></span> 
     </span>
     <span class='ocr_line' id='line_1_25' title="bbox 130 2318 1833 2409; baseline -0.007 -16"><span class='ocrx_word' id='word_1_305' title='bbox 130 2350 226 2409; x_wconf 91' lang='lat' dir='ltr'><strong><em>gnum</em></strong></span> <span class='ocrx_word' id='word_1_306' title='bbox 240 2330 345 2388; x_wconf 88' lang='lat' dir='ltr'><strong><em>mortis</em></strong></span> <span class='ocrx_word' id='word_1_307' title='bbox 362 2326 488 2389; x_wconf 86' lang='lat' dir='ltr'><strong><em>auterre,</em></strong></span> <span class='ocrx_word' id='word_1_308' title='bbox 507 2322 590 2397; x_wconf 91' lang='lat' dir='ltr'><strong><em>qnod</em></strong></span> <span class='ocrx_word' id='word_1_309' title='bbox 615 2320 679 2378; x_wconf 89' lang='lat' dir='ltr'><strong><em>sola</em></strong></span> <span class='ocrx_word' id='word_1_310' title='bbox 700 2319 807 2378; x_wconf 85' lang='lat' dir='ltr'><strong><em>Christi</em></strong></span> <span class='ocrx_word' id='word_1_311' title='bbox 833 2318 960 2377; x_wconf 89' lang='lat' dir='ltr'><strong><em>abstulit</em></strong></span> <span class='ocrx_word' id='word_1_312' title='bbox 1011 2323 1055 2379; x_wconf 87' lang='lat' dir='ltr'><strong><em>ita</em></strong></span> <span class='ocrx_word' id='word_1_313' title='bbox 1082 2327 1111 2379; x_wconf 88' lang='lat' dir='ltr'><strong><em>et</em></strong></span> <span class='ocrx_word' id='word_1_314' title='bbox 1128 2319 1251 2379; x_wconf 85' lang='lat' dir='ltr'><strong><em>donatio</em></strong></span> <span class='ocrx_word' id='word_1_315' title='bbox 1265 2336 1274 2377; x_wconf 89' lang='lat'><em>:</em></span> <span class='ocrx_word' id='word_1_316' title='bbox 1287 2320 1402 2378; x_wconf 87' lang='lat' dir='ltr'><strong><em>sienim</em></strong></span> <span class='ocrx_word' id='word_1_317' title='bbox 1415 2318 1451 2377; x_wconf 83' lang='lat' dir='ltr'><strong><em>ol</em></strong></span> <span class='ocrx_word' id='word_1_318' title='bbox 1475 2320 1565 2377; x_wconf 91' lang='lat' dir='ltr'><strong><em>unius</em></strong></span> <span class='ocrx_word' id='word_1_319' title='bbox 1587 2320 1736 2379; x_wconf 86' lang='lat' dir='ltr'><strong><em>delietusn</em></strong></span> <span class='ocrx_word' id='word_1_320' title='bbox 1751 2323 1833 2381; x_wconf 77' lang='lat' dir='ltr'><strong><em>madi</em></strong></span> 
     </span>
     <span class='ocr_line' id='line_1_26' title="bbox 131 2408 1832 2498; baseline -0.008 -15"><span class='ocrx_word' id='word_1_321' title='bbox 131 2426 237 2498; x_wconf 90' lang='lat' dir='ltr'><strong><em>gratia.</em></strong></span> <span class='ocrx_word' id='word_1_322' title='bbox 258 2422 291 2476; x_wconf 94' lang='lat' dir='ltr'><strong><em>ln</em></strong></span> <span class='ocrx_word' id='word_1_323' title='bbox 314 2432 392 2490; x_wconf 87' lang='lat' dir='ltr'><strong><em>quos</em></strong></span> <span class='ocrx_word' id='word_1_324' title='bbox 407 2421 507 2471; x_wconf 89' lang='lat' dir='ltr'><strong><em>antem</em></strong></span> <span class='ocrx_word' id='word_1_325' title='bbox 522 2409 690 2483; x_wconf 78' lang='lat' dir='ltr'><strong><em>regnaverit</em></strong></span> <span class='ocrx_word' id='word_1_326' title='bbox 701 2409 770 2466; x_wconf 89' lang='lat' dir='ltr'><strong><em>vida</em></strong></span> <span class='ocrx_word' id='word_1_327' title='bbox 786 2424 794 2464; x_wconf 82' lang='lat' dir='ltr'><strong><em>s</em></strong></span> <span class='ocrx_word' id='word_1_328' title='bbox 810 2416 837 2466; x_wconf 91' lang='lat' dir='ltr'><strong><em>et</em></strong></span> <span class='ocrx_word' id='word_1_329' title='bbox 856 2424 886 2464; x_wconf 90' lang='lat' dir='ltr'><strong><em>sn</em></strong></span> <span class='ocrx_word' id='word_1_330' title='bbox 900 2423 957 2476; x_wconf 92' lang='lat' dir='ltr'><strong><em>eos,</em></strong></span> <span class='ocrx_word' id='word_1_331' title='bbox 1010 2410 1123 2468; x_wconf 84' lang='lat' dir='ltr'><strong><em>mortui</em></strong></span> <span class='ocrx_word' id='word_1_332' title='bbox 1135 2416 1214 2475; x_wconf 90' lang='lat' dir='ltr'><strong><em>sunt,</em></strong></span> <span class='ocrx_word' id='word_1_333' title='bbox 1233 2410 1436 2480; x_wconf 79' lang='lat' dir='ltr'><strong><em>multomagis</em></strong></span> <span class='ocrx_word' id='word_1_334' title='bbox 1453 2408 1555 2480; x_wconf 79' lang='lat' dir='ltr'><strong><em>gratio</em></strong></span> <span class='ocrx_word' id='word_1_335' title='bbox 1566 2409 1623 2467; x_wconf 83' lang='lat' dir='ltr'><strong><em>liei</em></strong></span> <span class='ocrx_word' id='word_1_336' title='bbox 1635 2416 1665 2468; x_wconf 86' lang='lat' dir='ltr'><strong><em>et</em></strong></span> <span class='ocrx_word' id='word_1_337' title='bbox 1681 2410 1832 2469; x_wconf 68' lang='lat' dir='ltr'><strong><em>domums</em></strong></span> 
     </span>
     <span class='ocr_line' id='line_1_27' title="bbox 130 2497 1833 2588; baseline -0.006 -19"><span class='ocrx_word' id='word_1_338' title='bbox 130 2513 238 2588; x_wconf 80' lang='lat' dir='ltr'><strong><em>inquis,</em></strong></span> <span class='ocrx_word' id='word_1_339' title='bbox 250 2511 371 2583; x_wconf 80' lang='lat' dir='ltr'><strong><em>quinon</em></strong></span> <span class='ocrx_word' id='word_1_340' title='bbox 386 2504 585 2575; x_wconf 82' lang='lat' dir='ltr'><strong><em>peceaverunt</em></strong></span> <span class='ocrx_word' id='word_1_341' title='bbox 597 2499 631 2556; x_wconf 91' lang='lat' dir='ltr'><strong><em>in</em></strong></span> <span class='ocrx_word' id='word_1_342' title='bbox 642 2498 959 2568; x_wconf 80' lang='lat' dir='ltr'><strong><em>similitudisnprsruo·</em></strong></span> <span class='ocrx_word' id='word_1_343' title='bbox 1011 2500 1112 2573; x_wconf 74' lang='lat' dir='ltr'><strong><em>pratia</em></strong></span> <span class='ocrx_word' id='word_1_344' title='bbox 1126 2500 1216 2556; x_wconf 88' lang='lat' dir='ltr'><strong><em>unius</em></strong></span> <span class='ocrx_word' id='word_1_345' title='bbox 1228 2498 1357 2556; x_wconf 79' lang='lat' dir='ltr'><strong><em>bominis</em></strong></span> <span class='ocrx_word' id='word_1_346' title='bbox 1368 2500 1437 2557; x_wconf 85' lang='lat' dir='ltr'><strong><em>lesu</em></strong></span> <span class='ocrx_word' id='word_1_347' title='bbox 1451 2497 1606 2556; x_wconf 73' lang='lat' dir='ltr'><strong><em>christiin</em></strong></span> <span class='ocrx_word' id='word_1_348' title='bbox 1618 2501 1733 2558; x_wconf 85' lang='lat' dir='ltr'><strong><em>multos</em></strong></span> <span class='ocrx_word' id='word_1_349' title='bbox 1746 2501 1833 2559; x_wconf 84' lang='lat' dir='ltr'><strong><em>alsn-</em></strong></span> 
     </span>
     <span class='ocr_line' id='line_1_28' title="bbox 130 2587 1830 2663; baseline -0.008 -1"><span class='ocrx_word' id='word_1_350' title='bbox 130 2599 285 2661; x_wconf 82' lang='lat' dir='ltr'><strong><em>ricationis</em></strong></span> <span class='ocrx_word' id='word_1_351' title='bbox 303 2595 386 2651; x_wconf 77' lang='lat' dir='ltr'><strong><em>Adu.</em></strong></span> <span class='ocrx_word' id='word_1_352' title='bbox 404 2591 549 2663; x_wconf 78' lang='lat' dir='ltr'><strong><em>Regnavit</em></strong></span> <span class='ocrx_word' id='word_1_353' title='bbox 563 2603 633 2659; x_wconf 88' lang='lat' dir='ltr'><strong><em>ergo</em></strong></span> <span class='ocrx_word' id='word_1_354' title='bbox 662 2593 692 2645; x_wconf 89' lang='lat' dir='ltr'><strong><em>et</em></strong></span> <span class='ocrx_word' id='word_1_355' title='bbox 714 2588 743 2644; x_wconf 94' lang='lat' dir='ltr'><strong><em>in</em></strong></span> <span class='ocrx_word' id='word_1_356' title='bbox 759 2602 812 2643; x_wconf 88' lang='lat' dir='ltr'><strong><em>eos</em></strong></span> <span class='ocrx_word' id='word_1_357' title='bbox 825 2587 877 2660; x_wconf 89' lang='lat' dir='ltr'><strong><em>qui</em></strong></span> <span class='ocrx_word' id='word_1_358' title='bbox 897 2601 958 2643; x_wconf 92' lang='lat' dir='ltr'><strong><em>non</em></strong></span> <span class='ocrx_word' id='word_1_359' title='bbox 1011 2588 1094 2646; x_wconf 79' lang='lat' dir='ltr'><strong><em>dulit</em></strong></span> <span class='ocrx_word' id='word_1_360' title='bbox 1109 2608 1119 2646; x_wconf 91' lang='lat'><em>:</em></span> <span class='ocrx_word' id='word_1_361' title='bbox 1133 2591 1165 2645; x_wconf 90' lang='lat' dir='ltr'><strong><em>ut</em></strong></span> <span class='ocrx_word' id='word_1_362' title='bbox 1179 2587 1369 2659; x_wconf 90' lang='lat' dir='ltr'><strong><em>intelligatur,</em></strong></span> <span class='ocrx_word' id='word_1_363' title='bbox 1386 2601 1448 2645; x_wconf 93' lang='lat' dir='ltr'><strong><em>nou</em></strong></span> <span class='ocrx_word' id='word_1_364' title='bbox 1470 2587 1501 2644; x_wconf 92' lang='lat' dir='ltr'><strong><em>in</em></strong></span> <span class='ocrx_word' id='word_1_365' title='bbox 1515 2589 1612 2659; x_wconf 89' lang='lat' dir='ltr'><strong><em>magis</em></strong></span> <span class='ocrx_word' id='word_1_366' title='bbox 1631 2589 1757 2657; x_wconf 89' lang='lat' dir='ltr'><strong><em>multos,</em></strong></span> <span class='ocrx_word' id='word_1_367' title='bbox 1771 2604 1830 2648; x_wconf 85' lang='lat' dir='ltr'><strong><em>eun</em></strong></span> 
     </span>
     <span class='ocr_line' id='line_1_29' title="bbox 130 2675 1832 2767; baseline -0.006 -19"><span class='ocrx_word' id='word_1_368' title='bbox 130 2687 342 2767; x_wconf 83' lang='lat' dir='ltr'><strong><em>peceaverunt.</em></strong></span> <span class='ocrx_word' id='word_1_369' title='bbox 369 2681 427 2739; x_wconf 85' lang='lat' dir='ltr'><strong><em>Sed</em></strong></span> <span class='ocrx_word' id='word_1_370' title='bbox 456 2695 510 2736; x_wconf 90' lang='lat' dir='ltr'><strong><em>our</em></strong></span> <span class='ocrx_word' id='word_1_371' title='bbox 539 2676 717 2751; x_wconf 89' lang='lat' dir='ltr'><strong><em>regnaverit,</em></strong></span> <span class='ocrx_word' id='word_1_372' title='bbox 736 2675 867 2733; x_wconf 89' lang='lat' dir='ltr'><strong><em>ostendit</em></strong></span> <span class='ocrx_word' id='word_1_373' title='bbox 888 2690 957 2732; x_wconf 87' lang='lat' dir='ltr'><strong><em>oum</em></strong></span> <span class='ocrx_word' id='word_1_374' title='bbox 1011 2677 1107 2751; x_wconf 83' lang='lat' dir='ltr'><strong><em>iniqui</em></strong></span> <span class='ocrx_word' id='word_1_375' title='bbox 1129 2676 1225 2749; x_wconf 88' lang='lat' dir='ltr'><strong><em>magis</em></strong></span> <span class='ocrx_word' id='word_1_376' title='bbox 1245 2676 1332 2734; x_wconf 90' lang='lat' dir='ltr'><strong><em>multi</em></strong></span> <span class='ocrx_word' id='word_1_377' title='bbox 1351 2676 1411 2733; x_wconf 92' lang='lat' dir='ltr'><strong><em>sint</em></strong></span> <span class='ocrx_word' id='word_1_378' title='bbox 1428 2675 1482 2750; x_wconf 81' lang='lat' dir='ltr'><strong><em>qui</em></strong></span> <span class='ocrx_word' id='word_1_379' title='bbox 1505 2675 1762 2747; x_wconf 71' lang='lat' dir='ltr'><strong><em>damnabnntnrs</em></strong></span> <span class='ocrx_word' id='word_1_380' title='bbox 1786 2677 1832 2737; x_wconf 87' lang='lat' dir='ltr'><strong><em>ssd</em></strong></span> 
     </span>
     <span class='ocr_line' id='line_1_30' title="bbox 131 2764 1832 2840; baseline -0.006 -2"><span class='ocrx_word' id='word_1_381' title='bbox 131 2782 172 2839; x_wconf 90' lang='lat' dir='ltr'><strong><em>ait</em></strong></span> <span class='ocrx_word' id='word_1_382' title='bbox 187 2796 194 2834; x_wconf 75' lang='grc' dir='ltr'><strong><em>ι</em></strong></span> <span class='ocrx_word' id='word_1_383' title='bbox 209 2778 244 2834; x_wconf 92' lang='lat' dir='ltr'><strong><em>ln</em></strong></span> <span class='ocrx_word' id='word_1_384' title='bbox 272 2769 468 2831; x_wconf 80' lang='lat' dir='ltr'><strong><em>similitudine</em></strong></span> <span class='ocrx_word' id='word_1_385' title='bbox 479 2765 831 2839; x_wconf 75' lang='lat' dir='ltr'><strong><em>prevaricationisddar.</em></strong></span> <span class='ocrx_word' id='word_1_386' title='bbox 845 2766 901 2821; x_wconf 88' lang='lat' dir='ltr'><strong><em>lste</em></strong></span> <span class='ocrx_word' id='word_1_387' title='bbox 913 2768 959 2821; x_wconf 89' lang='lat' dir='ltr'><strong><em>est</em></strong></span> <span class='ocrx_word' id='word_1_388' title='bbox 1012 2765 1111 2838; x_wconf 88' lang='lat' dir='ltr'><strong><em>magis</em></strong></span> <span class='ocrx_word' id='word_1_389' title='bbox 1134 2764 1314 2831; x_wconf 86' lang='lat' dir='ltr'><strong><em>abundabit,</em></strong></span> <span class='ocrx_word' id='word_1_390' title='bbox 1336 2765 1418 2839; x_wconf 83' lang='lat' dir='ltr'><strong><em>quod</em></strong></span> <span class='ocrx_word' id='word_1_391' title='bbox 1439 2766 1470 2822; x_wconf 90' lang='lat' dir='ltr'><strong><em>in</em></strong></span> <span class='ocrx_word' id='word_1_392' title='bbox 1489 2764 1526 2822; x_wconf 85' lang='lat' dir='ltr'><strong><em>ils</em></strong></span> <span class='ocrx_word' id='word_1_393' title='bbox 1541 2765 1594 2838; x_wconf 86' lang='lat' dir='ltr'><strong><em>qul</em></strong></span> <span class='ocrx_word' id='word_1_394' title='bbox 1608 2780 1664 2840; x_wconf 88' lang='lat' dir='ltr'><strong><em>per</em></strong></span> <span class='ocrx_word' id='word_1_395' title='bbox 1689 2765 1832 2827; x_wconf 76' lang='lat' dir='ltr'><strong><em>Christ-</em></strong></span> 
     </span>
     <span class='ocr_line' id='line_1_31' title="bbox 132 2853 1834 2928; baseline -0.006 -2"><span class='ocrx_word' id='word_1_396' title='bbox 132 2870 211 2926; x_wconf 91' lang='lat' dir='ltr'><strong><em>enim</em></strong></span> <span class='ocrx_word' id='word_1_397' title='bbox 224 2864 331 2923; x_wconf 89' lang='lat' dir='ltr'><strong><em>melior</em></strong></span> <span class='ocrx_word' id='word_1_398' title='bbox 346 2858 514 2918; x_wconf 81' lang='lat' dir='ltr'><strong><em>intellectus</em></strong></span> <span class='ocrx_word' id='word_1_399' title='bbox 526 2857 635 2914; x_wconf 88' lang='lat' dir='ltr'><strong><em>horum</em></strong></span> <span class='ocrx_word' id='word_1_400' title='bbox 650 2853 822 2922; x_wconf 87' lang='lat' dir='ltr'><strong><em>vorborum,</em></strong></span> <span class='ocrx_word' id='word_1_401' title='bbox 837 2858 870 2910; x_wconf 90' lang='lat' dir='ltr'><strong><em>ut</em></strong></span> <span class='ocrx_word' id='word_1_402' title='bbox 888 2868 958 2910; x_wconf 91' lang='lat' dir='ltr'><strong><em>oum</em></strong></span> <span class='ocrx_word' id='word_1_403' title='bbox 1012 2855 1210 2921; x_wconf 89' lang='lat' dir='ltr'><strong><em>redimuntur,</em></strong></span> <span class='ocrx_word' id='word_1_404' title='bbox 1233 2854 1439 2928; x_wconf 72' lang='lat' dir='ltr'><strong><em>temporaliter</em></strong></span> <span class='ocrx_word' id='word_1_405' title='bbox 1457 2854 1537 2912; x_wconf 73' lang='lat' dir='ltr'><strong><em>rdet</em></strong></span> <span class='ocrx_word' id='word_1_406' title='bbox 1559 2853 1658 2914; x_wconf 88' lang='lat' dir='ltr'><strong><em>lorma</em></strong></span> <span class='ocrx_word' id='word_1_407' title='bbox 1672 2857 1781 2915; x_wconf 86' lang='lat' dir='ltr'><strong><em>mortis</em></strong></span> <span class='ocrx_word' id='word_1_408' title='bbox 1803 2871 1834 2915; x_wconf 81' lang='lat' dir='ltr'><strong><em>st</em></strong></span> 
     </span>
     <span class='ocr_line' id='line_1_32' title="bbox 129 2942 1835 3024; baseline -0.005 -8"><span class='ocrx_word' id='word_1_409' title='bbox 129 2958 259 3022; x_wconf 79' lang='lat' dir='ltr'><strong><em>dixisset,</em></strong></span> <span class='ocrx_word' id='word_1_410' title='bbox 283 2949 423 3024; x_wconf 77' lang='lat' dir='ltr'><strong><em>regnauit</em></strong></span> <span class='ocrx_word' id='word_1_411' title='bbox 445 2962 526 3005; x_wconf 88' lang='lat' dir='ltr'><strong><em>mors</em></strong></span> <span class='ocrx_word' id='word_1_412' title='bbox 549 2947 581 3003; x_wconf 90' lang='lat' dir='ltr'><strong><em>in</em></strong></span> <span class='ocrx_word' id='word_1_413' title='bbox 602 2959 650 3002; x_wconf 88' lang='lat' dir='ltr'><strong><em>eos</em></strong></span> <span class='ocrx_word' id='word_1_414' title='bbox 668 2944 796 3016; x_wconf 81' lang='lat' dir='ltr'><strong><em>quinon</em></strong></span> <span class='ocrx_word' id='word_1_415' title='bbox 823 2956 960 3013; x_wconf 75' lang='lat' dir='ltr'><strong><em>pensaue-</em></strong></span> <span class='ocrx_word' id='word_1_416' title='bbox 1012 2946 1120 3015; x_wconf 80' lang='lat' dir='ltr'><strong><em>tdam,</em></strong></span> <span class='ocrx_word' id='word_1_417' title='bbox 1156 2944 1186 3002; x_wconf 91' lang='lat' dir='ltr'><strong><em>in</em></strong></span> <span class='ocrx_word' id='word_1_418' title='bbox 1212 2948 1358 3002; x_wconf 81' lang='lat' dir='ltr'><strong><em>aeternum</em></strong></span> <span class='ocrx_word' id='word_1_419' title='bbox 1382 2949 1484 3002; x_wconf 88' lang='lat' dir='ltr'><strong><em>autem</em></strong></span> <span class='ocrx_word' id='word_1_420' title='bbox 1508 2942 1618 3002; x_wconf 86' lang='lat' dir='ltr'><strong><em>valebit</em></strong></span> <span class='ocrx_word' id='word_1_421' title='bbox 1644 2945 1713 3004; x_wconf 78' lang='lat' dir='ltr'><strong><em>vitas</em></strong></span> <span class='ocrx_word' id='word_1_422' title='bbox 1747 2946 1835 3007; x_wconf 85' lang='lat' dir='ltr'><strong><em>lorms</em></strong></span> 
     </span>
     <span class='ocr_line' id='line_1_33' title="bbox 129 3030 1835 3118; baseline -0.006 -13"><span class='ocrx_word' id='word_1_423' title='bbox 129 3054 218 3118; x_wconf 88' lang='lat' dir='ltr'><strong><em>rnnt;</em></strong></span> <span class='ocrx_word' id='word_1_424' title='bbox 232 3040 318 3118; x_wconf 82' lang='lat' dir='ltr'><strong><em>quasi</em></strong></span> <span class='ocrx_word' id='word_1_425' title='bbox 335 3055 391 3097; x_wconf 88' lang='lat' dir='ltr'><strong><em>nos</em></strong></span> <span class='ocrx_word' id='word_1_426' title='bbox 412 3038 550 3094; x_wconf 87' lang='lat' dir='ltr'><strong><em>moneret</em></strong></span> <span class='ocrx_word' id='word_1_427' title='bbox 565 3047 661 3107; x_wconf 86' lang='lat' dir='ltr'><strong><em>quare</em></strong></span> <span class='ocrx_word' id='word_1_428' title='bbox 676 3033 707 3089; x_wconf 92' lang='lat' dir='ltr'><strong><em>iu</em></strong></span> <span class='ocrx_word' id='word_1_429' title='bbox 723 3046 776 3089; x_wconf 87' lang='lat' dir='ltr'><strong><em>eos</em></strong></span> <span class='ocrx_word' id='word_1_430' title='bbox 792 3030 961 3103; x_wconf 78' lang='lat' dir='ltr'><strong><em>regnaverit</em></strong></span> <span class='ocrx_word' id='word_1_431' title='bbox 1013 3050 1067 3109; x_wconf 92' lang='lat' dir='ltr'><strong><em>per</em></strong></span> <span class='ocrx_word' id='word_1_432' title='bbox 1086 3033 1245 3091; x_wconf 83' lang='lat' dir='ltr'><strong><em>Christum.</em></strong></span> <span class='ocrx_word' id='word_1_433' title='bbox 1261 3032 1405 3101; x_wconf 78' lang='lat' dir='ltr'><strong><em>Quemvis</em></strong></span> <span class='ocrx_word' id='word_1_434' title='bbox 1420 3047 1504 3106; x_wconf 88' lang='lat' dir='ltr'><strong><em>ergo,</em></strong></span> <span class='ocrx_word' id='word_1_435' title='bbox 1515 3033 1623 3107; x_wconf 90' lang='lat' dir='ltr'><strong><em>inquit,</em></strong></span> <span class='ocrx_word' id='word_1_436' title='bbox 1637 3034 1738 3093; x_wconf 76' lang='lat' dir='ltr'><strong><em>Adam</em></strong></span> <span class='ocrx_word' id='word_1_437' title='bbox 1754 3034 1835 3094; x_wconf 89' lang='lat' dir='ltr'><strong><em>luturl</em></strong></span> 
     </span>
     <span class='ocr_line' id='line_1_34' title="bbox 132 3119 1836 3212; baseline -0.005 -19"><span class='ocrx_word' id='word_1_438' title='bbox 132 3138 184 3212; x_wconf 91' lang='lat' dir='ltr'><strong><em>qni</em></strong></span> <span class='ocrx_word' id='word_1_439' title='bbox 200 3149 260 3192; x_wconf 93' lang='lat' dir='ltr'><strong><em>non</em></strong></span> <span class='ocrx_word' id='word_1_440' title='bbox 272 3130 481 3205; x_wconf 86' lang='lat' dir='ltr'><strong><em>peceaverunt,</em></strong></span> <span class='ocrx_word' id='word_1_441' title='bbox 495 3124 629 3194; x_wconf 81' lang='lat' dir='ltr'><strong><em>adderet,</em></strong></span> <span class='ocrx_word' id='word_1_442' title='bbox 641 3122 672 3178; x_wconf 89' lang='lat' dir='ltr'><strong><em>in</em></strong></span> <span class='ocrx_word' id='word_1_443' title='bbox 687 3119 961 3192; x_wconf 70' lang='lat' dir='ltr'><strong><em>similitudinem·</em></strong></span> <span class='ocrx_word' id='word_1_444' title='bbox 1013 3122 1110 3181; x_wconf 92' lang='lat' dir='ltr'><strong><em>lorma</em></strong></span> <span class='ocrx_word' id='word_1_445' title='bbox 1128 3122 1199 3179; x_wconf 85' lang='lat' dir='ltr'><strong><em>sita</em></strong></span> <span class='ocrx_word' id='word_1_446' title='bbox 1222 3123 1383 3194; x_wconf 79' lang='lat' dir='ltr'><strong><em>contrario,</em></strong></span> <span class='ocrx_word' id='word_1_447' title='bbox 1404 3120 1472 3196; x_wconf 88' lang='lat' dir='ltr'><strong><em>plns</em></strong></span> <span class='ocrx_word' id='word_1_448' title='bbox 1488 3126 1588 3180; x_wconf 79' lang='lat' dir='ltr'><strong><em>tanam</em></strong></span> <span class='ocrx_word' id='word_1_449' title='bbox 1610 3124 1836 3195; x_wconf 81' lang='lat' dir='ltr'><strong><em>prasststhrit·</em></strong></span> 
     </span>
     <span class='ocr_line' id='line_1_35' title="bbox 132 3209 1836 3285; baseline -0.008 0"><span class='ocrx_word' id='word_1_450' title='bbox 132 3220 326 3285; x_wconf 75' lang='lat' dir='ltr'><strong><em>remansionis</em></strong></span> <span class='ocrx_word' id='word_1_451' title='bbox 341 3217 433 3282; x_wconf 63' lang='lat' dir='ltr'><strong><em>adm</em></strong></span> <span class='ocrx_word' id='word_1_452' title='bbox 449 3214 479 3270; x_wconf 88' lang='lat' dir='ltr'><strong><em>id</em></strong></span> <span class='ocrx_word' id='word_1_453' title='bbox 503 3218 557 3279; x_wconf 84' lang='lat' dir='ltr'><strong><em>est,</em></strong></span> <span class='ocrx_word' id='word_1_454' title='bbox 578 3211 651 3285; x_wconf 88' lang='lat' dir='ltr'><strong><em>quia</em></strong></span> <span class='ocrx_word' id='word_1_455' title='bbox 677 3210 771 3266; x_wconf 91' lang='lat' dir='ltr'><strong><em>inerat</em></strong></span> <span class='ocrx_word' id='word_1_456' title='bbox 800 3224 904 3267; x_wconf 89' lang='lat' dir='ltr'><strong><em>eorum</em></strong></span> <span class='ocrx_word' id='word_1_457' title='bbox 928 3209 959 3265; x_wconf 90' lang='lat' dir='ltr'><strong><em>in</em></strong></span> <span class='ocrx_word' id='word_1_458' title='bbox 1014 3217 1061 3269; x_wconf 88' lang='lat' dir='ltr'><strong><em>tus</em></strong></span> <span class='ocrx_word' id='word_1_459' title='bbox 1074 3211 1267 3281; x_wconf 81' lang='lat' dir='ltr'><strong><em>regeneratis,</em></strong></span> <span class='ocrx_word' id='word_1_460' title='bbox 1280 3226 1374 3285; x_wconf 83' lang='lat' dir='ltr'><strong><em>quam</em></strong></span> <span class='ocrx_word' id='word_1_461' title='bbox 1388 3211 1432 3269; x_wconf 89' lang='lat' dir='ltr'><strong><em>eis</em></strong></span> <span class='ocrx_word' id='word_1_462' title='bbox 1453 3212 1660 3277; x_wconf 84' lang='lat' dir='ltr'><strong><em>noeueratille</em></strong></span> <span class='ocrx_word' id='word_1_463' title='bbox 1679 3214 1836 3285; x_wconf 76' lang='lat' dir='ltr'><strong><em>genereth.</em></strong></span> 
     </span>
     <span class='ocr_line' id='line_1_36' title="bbox 134 3298 1837 3374; baseline -0.007 -1"><span class='ocrx_word' id='word_1_464' title='bbox 134 3313 277 3372; x_wconf 83' lang='lat' dir='ltr'><strong><em>membris</em></strong></span> <span class='ocrx_word' id='word_1_465' title='bbox 304 3304 469 3364; x_wconf 87' lang='lat' dir='ltr'><strong><em>similitudo</em></strong></span> <span class='ocrx_word' id='word_1_466' title='bbox 493 3298 748 3374; x_wconf 77' lang='lat' dir='ltr'><strong><em>prevaricationis</em></strong></span> <span class='ocrx_word' id='word_1_467' title='bbox 759 3298 844 3355; x_wconf 78' lang='lat' dir='ltr'><strong><em>Adeo.</em></strong></span> <span class='ocrx_word' id='word_1_468' title='bbox 864 3300 962 3355; x_wconf 78' lang='lat' dir='ltr'><strong><em>Potest</em></strong></span> <span class='ocrx_word' id='word_1_469' title='bbox 1016 3302 1054 3358; x_wconf 78' lang='lat' dir='ltr'><strong><em>llt</em></strong></span> <span class='ocrx_word' id='word_1_470' title='bbox 1064 3315 1126 3359; x_wconf 93' lang='lat' dir='ltr'><strong><em>non</em></strong></span> <span class='ocrx_word' id='word_1_471' title='bbox 1142 3300 1218 3358; x_wconf 79' lang='lat' dir='ltr'><strong><em>siesn</em></strong></span> <span class='ocrx_word' id='word_1_472' title='bbox 1229 3314 1285 3372; x_wconf 82' lang='lat' dir='ltr'><strong><em>per</em></strong></span> <span class='ocrx_word' id='word_1_473' title='bbox 1298 3315 1390 3357; x_wconf 84' lang='lat' dir='ltr'><strong><em>unum</em></strong></span> <span class='ocrx_word' id='word_1_474' title='bbox 1404 3306 1557 3371; x_wconf 79' lang='lat' dir='ltr'><strong><em>paeeotum</em></strong></span> <span class='ocrx_word' id='word_1_475' title='bbox 1570 3302 1593 3368; x_wconf 87' lang='lat'><strong><em>¹,</em></strong></span> <span class='ocrx_word' id='word_1_476' title='bbox 1604 3302 1647 3359; x_wconf 90' lang='lat' dir='ltr'><strong><em>itu</em></strong></span> <span class='ocrx_word' id='word_1_477' title='bbox 1661 3307 1691 3360; x_wconf 90' lang='lat' dir='ltr'><strong><em>et</em></strong></span> <span class='ocrx_word' id='word_1_478' title='bbox 1702 3303 1837 3363; x_wconf 85' lang='lat' dir='ltr'><strong><em>donum:</em></strong></span> 
     </span>
     <span class='ocr_line' id='line_1_37' title="bbox 132 3386 1837 3466; baseline -0.005 -5"><span class='ocrx_word' id='word_1_479' title='bbox 132 3410 160 3462; x_wconf 88' lang='lat' dir='ltr'><strong><em>et</em></strong></span> <span class='ocrx_word' id='word_1_480' title='bbox 179 3404 221 3458; x_wconf 85' lang='lat' dir='ltr'><strong><em>sio</em></strong></span> <span class='ocrx_word' id='word_1_481' title='bbox 241 3395 376 3466; x_wconf 87' lang='lat' dir='ltr'><strong><em>intelligi,</em></strong></span> <span class='ocrx_word' id='word_1_482' title='bbox 393 3391 527 3464; x_wconf 75' lang='lat' dir='ltr'><strong><em>regnauit</em></strong></span> <span class='ocrx_word' id='word_1_483' title='bbox 543 3404 624 3446; x_wconf 88' lang='lat' dir='ltr'><strong><em>mors</em></strong></span> <span class='ocrx_word' id='word_1_484' title='bbox 646 3386 685 3444; x_wconf 80' lang='lat' dir='ltr'><strong><em>ab</em></strong></span> <span class='ocrx_word' id='word_1_485' title='bbox 701 3387 800 3444; x_wconf 79' lang='lat' dir='ltr'><strong><em>Adam</em></strong></span> <span class='ocrx_word' id='word_1_486' title='bbox 812 3401 906 3459; x_wconf 84' lang='lat' dir='ltr'><strong><em>usqae</em></strong></span> <span class='ocrx_word' id='word_1_487' title='bbox 924 3386 961 3445; x_wconf 88' lang='lat' dir='ltr'><strong><em>ud</em></strong></span> <span class='ocrx_word' id='word_1_488' title='bbox 1013 3406 1085 3448; x_wconf 87' lang='lat' dir='ltr'><strong><em>nom</em></strong></span> <span class='ocrx_word' id='word_1_489' title='bbox 1095 3389 1246 3462; x_wconf 76' lang='lat' dir='ltr'><strong><em>judicium</em></strong></span> <span class='ocrx_word' id='word_1_490' title='bbox 1255 3390 1372 3463; x_wconf 81' lang='lat' dir='ltr'><strong><em>quidem</em></strong></span> <span class='ocrx_word' id='word_1_491' title='bbox 1388 3404 1426 3448; x_wconf 79' lang='lat' dir='ltr'><strong><em>eu</em></strong></span> <span class='ocrx_word' id='word_1_492' title='bbox 1439 3389 1536 3447; x_wconf 86' lang='lat' dir='ltr'><strong><em>unuin</em></strong></span> <span class='ocrx_word' id='word_1_493' title='bbox 1552 3391 1837 3461; x_wconf 71' lang='lat' dir='ltr'><strong><em>assummum.</em></strong></span> 
     </span>
     <span class='ocr_line' id='line_1_38' title="bbox 131 3474 1835 3564; baseline -0.006 -15"><span class='ocrx_word' id='word_1_494' title='bbox 131 3494 263 3564; x_wconf 77' lang='lat' dir='ltr'><strong><em>Moysen,</em></strong></span> <span class='ocrx_word' id='word_1_495' title='bbox 273 3494 300 3544; x_wconf 89' lang='lat' dir='ltr'><strong><em>et</em></strong></span> <span class='ocrx_word' id='word_1_496' title='bbox 315 3486 345 3542; x_wconf 87' lang='lat' dir='ltr'><strong><em>in</em></strong></span> <span class='ocrx_word' id='word_1_497' title='bbox 360 3496 408 3540; x_wconf 87' lang='lat' dir='ltr'><strong><em>eos</em></strong></span> <span class='ocrx_word' id='word_1_498' title='bbox 422 3482 474 3554; x_wconf 79' lang='lat' dir='ltr'><strong><em>qui</em></strong></span> <span class='ocrx_word' id='word_1_499' title='bbox 486 3494 547 3535; x_wconf 92' lang='lat' dir='ltr'><strong><em>non</em></strong></span> <span class='ocrx_word' id='word_1_500' title='bbox 565 3478 595 3534; x_wconf 89' lang='lat' dir='ltr'><strong><em>in</em></strong></span> <span class='ocrx_word' id='word_1_501' title='bbox 607 3475 802 3534; x_wconf 88' lang='lat' dir='ltr'><strong><em>similitudine</em></strong></span> <span class='ocrx_word' id='word_1_502' title='bbox 814 3474 959 3546; x_wconf 76' lang='lat' dir='ltr'><strong><em>praeeri-</em></strong></span> <span class='ocrx_word' id='word_1_503' title='bbox 1012 3480 1115 3551; x_wconf 78' lang='lat' dir='ltr'><strong><em>pretio</em></strong></span> <span class='ocrx_word' id='word_1_504' title='bbox 1125 3485 1222 3537; x_wconf 87' lang='lat' dir='ltr'><strong><em>aulem</em></strong></span> <span class='ocrx_word' id='word_1_505' title='bbox 1235 3493 1275 3537; x_wconf 76' lang='lat' dir='ltr'><strong><em>ee</em></strong></span> <span class='ocrx_word' id='word_1_506' title='bbox 1287 3478 1390 3536; x_wconf 87' lang='lat' dir='ltr'><strong><em>multis</em></strong></span> <span class='ocrx_word' id='word_1_507' title='bbox 1405 3478 1521 3537; x_wconf 82' lang='lat' dir='ltr'><strong><em>delietls</em></strong></span> <span class='ocrx_word' id='word_1_508' title='bbox 1533 3480 1570 3551; x_wconf 66' lang='lat' dir='ltr'><strong><em>2in</em></strong></span> <span class='ocrx_word' id='word_1_509' title='bbox 1584 3480 1835 3553; x_wconf 67' lang='lat' dir='ltr'><strong><em>iustificationum.</em></strong></span> 
     </span>
     <span class='ocr_line' id='line_1_39' title="bbox 131 3563 1839 3643; baseline -0.004 -5"><span class='ocrx_word' id='word_1_510' title='bbox 131 3573 337 3641; x_wconf 62' lang='lat' dir='ltr'><strong><em>cationistldae</em></strong></span> <span class='ocrx_word' id='word_1_511' title='bbox 347 3573 548 3642; x_wconf 72' lang='lat' dir='ltr'><strong><em>mccuaerunl</em></strong></span> <span class='ocrx_word' id='word_1_512' title='bbox 561 3583 571 3632; x_wconf 90' lang='lat'><em>;</em></span> <span class='ocrx_word' id='word_1_513' title='bbox 583 3566 658 3639; x_wconf 78' lang='lat' dir='ltr'><strong><em>quia</em></strong></span> <span class='ocrx_word' id='word_1_514' title='bbox 668 3566 699 3622; x_wconf 91' lang='lat' dir='ltr'><strong><em>in</em></strong></span> <span class='ocrx_word' id='word_1_515' title='bbox 710 3563 878 3637; x_wconf 74' lang='lat' dir='ltr'><strong><em>semetipsis</em></strong></span> <span class='ocrx_word' id='word_1_516' title='bbox 889 3579 958 3622; x_wconf 77' lang='lat' dir='ltr'><strong><em>ovim</em></strong></span> <span class='ocrx_word' id='word_1_517' title='bbox 1012 3572 1076 3628; x_wconf 83' lang='lat' dir='ltr'><strong><em>Non</em></strong></span> <span class='ocrx_word' id='word_1_518' title='bbox 1089 3567 1187 3626; x_wconf 89' lang='lat' dir='ltr'><strong><em>solum</em></strong></span> <span class='ocrx_word' id='word_1_519' title='bbox 1200 3568 1230 3624; x_wconf 91' lang='lat' dir='ltr'><strong><em>in</em></strong></span> <span class='ocrx_word' id='word_1_520' title='bbox 1248 3566 1318 3634; x_wconf 90' lang='lat' dir='ltr'><strong><em>boo,</em></strong></span> <span class='ocrx_word' id='word_1_521' title='bbox 1327 3568 1434 3642; x_wconf 87' lang='lat' dir='ltr'><strong><em>inquit,</em></strong></span> <span class='ocrx_word' id='word_1_522' title='bbox 1455 3583 1517 3625; x_wconf 93' lang='lat' dir='ltr'><strong><em>non</em></strong></span> <span class='ocrx_word' id='word_1_523' title='bbox 1527 3569 1655 3643; x_wconf 74' lang='lat' dir='ltr'><strong><em>aqualis</em></strong></span> <span class='ocrx_word' id='word_1_524' title='bbox 1670 3575 1718 3628; x_wconf 89' lang='lat' dir='ltr'><strong><em>est</em></strong></span> <span class='ocrx_word' id='word_1_525' title='bbox 1733 3571 1839 3639; x_wconf 86' lang='lat' dir='ltr'><strong><em>iorms,</em></strong></span> 
     </span>
     <span class='ocr_line' id='line_1_40' title="bbox 128 3653 1842 3742; baseline -0.002 -17"><span class='ocrx_word' id='word_1_526' title='bbox 128 3670 194 3742; x_wconf 85' lang='lat' dir='ltr'><strong><em>jam</em></strong></span> <span class='ocrx_word' id='word_1_527' title='bbox 217 3665 279 3722; x_wconf 90' lang='lat' dir='ltr'><strong><em>nati</em></strong></span> <span class='ocrx_word' id='word_1_528' title='bbox 305 3664 415 3725; x_wconf 85' lang='lat' dir='ltr'><strong><em>esseut,</em></strong></span> <span class='ocrx_word' id='word_1_529' title='bbox 439 3673 495 3714; x_wconf 88' lang='lat' dir='ltr'><strong><em>neo</em></strong></span> <span class='ocrx_word' id='word_1_530' title='bbox 527 3657 642 3713; x_wconf 87' lang='lat' dir='ltr'><strong><em>ratione</em></strong></span> <span class='ocrx_word' id='word_1_531' title='bbox 668 3653 769 3712; x_wconf 91' lang='lat' dir='ltr'><strong><em>adhue</em></strong></span> <span class='ocrx_word' id='word_1_532' title='bbox 795 3656 957 3721; x_wconf 81' lang='lat' dir='ltr'><strong><em>uterentur,</em></strong></span> <span class='ocrx_word' id='word_1_533' title='bbox 1012 3657 1084 3733; x_wconf 89' lang='lat' dir='ltr'><strong><em>qnia</em></strong></span> <span class='ocrx_word' id='word_1_534' title='bbox 1109 3656 1158 3714; x_wconf 89' lang='lat' dir='ltr'><strong><em>ille</em></strong></span> <span class='ocrx_word' id='word_1_535' title='bbox 1178 3657 1381 3730; x_wconf 90' lang='lat' dir='ltr'><strong><em>temporaliter</em></strong></span> <span class='ocrx_word' id='word_1_536' title='bbox 1406 3657 1509 3716; x_wconf 89' lang='lat' dir='ltr'><strong><em>noeuit</em></strong></span> <span class='ocrx_word' id='word_1_537' title='bbox 1529 3658 1572 3714; x_wconf 84' lang='lat' dir='ltr'><strong><em>eis</em></strong></span> <span class='ocrx_word' id='word_1_538' title='bbox 1598 3672 1678 3730; x_wconf 80' lang='lat' dir='ltr'><strong><em>quos</em></strong></span> <span class='ocrx_word' id='word_1_539' title='bbox 1707 3660 1739 3719; x_wconf 90' lang='lat' dir='ltr'><strong><em>in</em></strong></span> <span class='ocrx_word' id='word_1_540' title='bbox 1764 3666 1842 3721; x_wconf 72' lang='lat' dir='ltr'><strong><em>mter·</em></strong></span> 
     </span>
     <span class='ocr_line' id='line_1_41' title="bbox 129 3743 1842 3832; baseline -0.002 -18"><span class='ocrx_word' id='word_1_541' title='bbox 129 3774 192 3832; x_wconf 86' lang='lat' dir='ltr'><strong><em>qna</em></strong></span> <span class='ocrx_word' id='word_1_542' title='bbox 207 3752 400 3812; x_wconf 88' lang='lat' dir='ltr'><strong><em>illentebatnr</em></strong></span> <span class='ocrx_word' id='word_1_543' title='bbox 411 3746 536 3821; x_wconf 90' lang='lat' dir='ltr'><strong><em>quando</em></strong></span> <span class='ocrx_word' id='word_1_544' title='bbox 547 3743 691 3818; x_wconf 78' lang='lat' dir='ltr'><strong><em>peccavit,</em></strong></span> <span class='ocrx_word' id='word_1_545' title='bbox 709 3755 764 3800; x_wconf 73' lang='lat' dir='ltr'><strong><em>neu</em></strong></span> <span class='ocrx_word' id='word_1_546' title='bbox 774 3747 958 3816; x_wconf 73' lang='lat' dir='ltr'><strong><em>proseptum</em></strong></span> <span class='ocrx_word' id='word_1_547' title='bbox 1012 3744 1358 3807; x_wconf 82' lang='lat' dir='ltr'><strong><em>numchristusredemit</em></strong></span> <span class='ocrx_word' id='word_1_548' title='bbox 1370 3761 1493 3816; x_wconf 87' lang='lat' dir='ltr'><strong><em>;verum</em></strong></span> <span class='ocrx_word' id='word_1_549' title='bbox 1505 3746 1681 3821; x_wconf 87' lang='lat' dir='ltr'><strong><em>etiamquia</em></strong></span> <span class='ocrx_word' id='word_1_550' title='bbox 1691 3748 1775 3809; x_wconf 87' lang='lat' dir='ltr'><strong><em>illius</em></strong></span> <span class='ocrx_word' id='word_1_551' title='bbox 1785 3766 1842 3811; x_wconf 82' lang='lat' dir='ltr'><strong><em>uno</em></strong></span> 
     </span>
     <span class='ocr_line' id='line_1_42' title="bbox 129 3829 1844 3918; baseline -0.003 -14"><span class='ocrx_word' id='word_1_552' title='bbox 129 3843 315 3918; x_wconf 83' lang='lat' dir='ltr'><strong><em>accepissent</em></strong></span> <span class='ocrx_word' id='word_1_553' title='bbox 341 3836 424 3912; x_wconf 87' lang='lat' dir='ltr'><strong><em>quod</em></strong></span> <span class='ocrx_word' id='word_1_554' title='bbox 452 3834 501 3891; x_wconf 90' lang='lat' dir='ltr'><strong><em>ille</em></strong></span> <span class='ocrx_word' id='word_1_555' title='bbox 516 3837 723 3904; x_wconf 88' lang='lat' dir='ltr'><strong><em>transgressus</em></strong></span> <span class='ocrx_word' id='word_1_556' title='bbox 745 3836 801 3900; x_wconf 85' lang='lat' dir='ltr'><strong><em>est,</em></strong></span> <span class='ocrx_word' id='word_1_557' title='bbox 822 3829 875 3887; x_wconf 85' lang='lat' dir='ltr'><strong><em>aad</em></strong></span> <span class='ocrx_word' id='word_1_558' title='bbox 894 3829 958 3888; x_wconf 91' lang='lat' dir='ltr'><strong><em>solo</em></strong></span> <span class='ocrx_word' id='word_1_559' title='bbox 1013 3835 1121 3895; x_wconf 78' lang='lat' dir='ltr'><strong><em>delicto</em></strong></span> <span class='ocrx_word' id='word_1_560' title='bbox 1135 3835 1259 3910; x_wconf 87' lang='lat' dir='ltr'><strong><em>posteri,</em></strong></span> <span class='ocrx_word' id='word_1_561' title='bbox 1270 3834 1326 3892; x_wconf 87' lang='lat' dir='ltr'><strong><em>nisi</em></strong></span> <span class='ocrx_word' id='word_1_562' title='bbox 1346 3835 1492 3894; x_wconf 82' lang='lat' dir='ltr'><strong><em>achristo</em></strong></span> <span class='ocrx_word' id='word_1_563' title='bbox 1502 3835 1702 3906; x_wconf 89' lang='lat' dir='ltr'><strong><em>redimantur,</em></strong></span> <span class='ocrx_word' id='word_1_564' title='bbox 1718 3840 1844 3899; x_wconf 75' lang='lat' dir='ltr'><strong><em>hedun-</em></strong></span> 
     </span>
     <span class='ocr_line' id='line_1_43' title="bbox 129 3919 1843 4006; baseline -0.002 -15"><span class='ocrx_word' id='word_1_565' title='bbox 129 3931 267 4006; x_wconf 91' lang='lat' dir='ltr'><strong><em>originali</em></strong></span> <span class='ocrx_word' id='word_1_566' title='bbox 279 3929 351 3987; x_wconf 88' lang='lat' dir='ltr'><strong><em>vitio</em></strong></span> <span class='ocrx_word' id='word_1_567' title='bbox 360 3928 529 3984; x_wconf 87' lang='lat' dir='ltr'><strong><em>tenerentur</em></strong></span> <span class='ocrx_word' id='word_1_568' title='bbox 537 3921 684 3988; x_wconf 80' lang='lat' dir='ltr'><strong><em>obstricti,</em></strong></span> <span class='ocrx_word' id='word_1_569' title='bbox 701 3919 843 3994; x_wconf 89' lang='lat' dir='ltr'><strong><em>perquod</em></strong></span> <span class='ocrx_word' id='word_1_570' title='bbox 858 3934 960 3977; x_wconf 89' lang='lat' dir='ltr'><strong><em>eosre·</em></strong></span> <span class='ocrx_word' id='word_1_571' title='bbox 1012 3930 1061 3984; x_wconf 92' lang='lat' dir='ltr'><strong><em>tnr</em></strong></span> <span class='ocrx_word' id='word_1_572' title='bbox 1075 3923 1391 3983; x_wconf 87' lang='lat' dir='ltr'><strong><em>iueondemnationem</em></strong></span> <span class='ocrx_word' id='word_1_573' title='bbox 1406 3947 1414 3981; x_wconf 81' lang='lat' dir='ltr'><strong><em>t</em></strong></span> <span class='ocrx_word' id='word_1_574' title='bbox 1432 3924 1539 3983; x_wconf 84' lang='lat' dir='ltr'><strong><em>Christi</em></strong></span> <span class='ocrx_word' id='word_1_575' title='bbox 1555 3930 1657 3984; x_wconf 89' lang='lat' dir='ltr'><strong><em>autem</em></strong></span> <span class='ocrx_word' id='word_1_576' title='bbox 1673 3928 1843 4005; x_wconf 87' lang='lat' dir='ltr'><strong><em>redemptio</em></strong></span> 
     </span>
     <span class='ocr_line' id='line_1_44' title="bbox 129 4007 1843 4096; baseline -0.01 -16"><span class='ocrx_word' id='word_1_577' title='bbox 129 4038 223 4096; x_wconf 88' lang='lat' dir='ltr'><strong><em>gnum</em></strong></span> <span class='ocrx_word' id='word_1_578' title='bbox 243 4018 347 4076; x_wconf 90' lang='lat' dir='ltr'><strong><em>mortis</em></strong></span> <span class='ocrx_word' id='word_1_579' title='bbox 367 4014 497 4071; x_wconf 90' lang='lat' dir='ltr'><strong><em>traheret</em></strong></span> <span class='ocrx_word' id='word_1_580' title='bbox 512 4009 857 4069; x_wconf 84' lang='lat' dir='ltr'><strong><em>adeondemnationem.</em></strong></span> <span class='ocrx_word' id='word_1_581' title='bbox 873 4007 959 4076; x_wconf 76' lang='lat' dir='ltr'><strong><em>Quod</em></strong></span> <span class='ocrx_word' id='word_1_582' title='bbox 1012 4014 1104 4073; x_wconf 70' lang='lat' dir='ltr'><strong><em>etism</em></strong></span> <span class='ocrx_word' id='word_1_583' title='bbox 1131 4012 1348 4071; x_wconf 76' lang='lat' dir='ltr'><strong><em>multadelieta</em></strong></span> <span class='ocrx_word' id='word_1_584' title='bbox 1365 4012 1513 4082; x_wconf 73' lang='lat' dir='ltr'><strong><em>dissolvit,</em></strong></span> <span class='ocrx_word' id='word_1_585' title='bbox 1531 4030 1601 4089; x_wconf 64' lang='lat' dir='ltr'><strong><em>qum</em></strong></span> <span class='ocrx_word' id='word_1_586' title='bbox 1617 4014 1659 4073; x_wconf 78' lang='lat' dir='ltr'><strong><em>illi</em></strong></span> <span class='ocrx_word' id='word_1_587' title='bbox 1676 4017 1730 4075; x_wconf 74' lang='lat' dir='ltr'><strong><em>uni</em></strong></span> <span class='ocrx_word' id='word_1_588' title='bbox 1747 4019 1843 4079; x_wconf 65' lang='lat' dir='ltr'><strong><em>mn.</em></strong></span> 
     </span>
     <span class='ocr_line' id='line_1_45' title="bbox 128 4097 1841 4183; baseline 0.001 -15"><span class='ocrx_word' id='word_1_589' title='bbox 128 4124 256 4182; x_wconf 90' lang='lat' dir='ltr'><strong><em>regnum</em></strong></span> <span class='ocrx_word' id='word_1_590' title='bbox 272 4105 376 4164; x_wconf 88' lang='lat' dir='ltr'><strong><em>mortis</em></strong></span> <span class='ocrx_word' id='word_1_591' title='bbox 387 4103 416 4158; x_wconf 92' lang='lat' dir='ltr'><strong><em>in</em></strong></span> <span class='ocrx_word' id='word_1_592' title='bbox 439 4101 483 4158; x_wconf 88' lang='lat' dir='ltr'><strong><em>eis</em></strong></span> <span class='ocrx_word' id='word_1_593' title='bbox 499 4106 615 4157; x_wconf 89' lang='lat' dir='ltr'><strong><em>tautam</em></strong></span> <span class='ocrx_word' id='word_1_594' title='bbox 632 4114 692 4155; x_wconf 94' lang='lat' dir='ltr'><strong><em>non</em></strong></span> <span class='ocrx_word' id='word_1_595' title='bbox 716 4104 771 4165; x_wconf 88' lang='lat' dir='ltr'><strong><em>est,</em></strong></span> <span class='ocrx_word' id='word_1_596' title='bbox 785 4097 838 4170; x_wconf 80' lang='lat' dir='ltr'><strong><em>qui</em></strong></span> <span class='ocrx_word' id='word_1_597' title='bbox 853 4098 959 4155; x_wconf 71' lang='lat' dir='ltr'><strong><em>Christi</em></strong></span> <span class='ocrx_word' id='word_1_598' title='bbox 1012 4102 1669 4179; x_wconf 77' lang='lat' dir='ltr'><strong><em>dantiapruvarieatrioisiniquitatisadjeoit3</em></strong></span> <span class='ocrx_word' id='word_1_599' title='bbox 1682 4106 1767 4167; x_wconf 91' lang='lat' dir='ltr'><strong><em>unde</em></strong></span> <span class='ocrx_word' id='word_1_600' title='bbox 1779 4107 1841 4183; x_wconf 84' lang='lat' dir='ltr'><strong><em>jsu</em></strong></span> 
     </span>
     <span class='ocr_line' id='line_1_46' title="bbox 130 4186 1401 4272; baseline -0.011 -17"><span class='ocrx_word' id='word_1_601' title='bbox 130 4197 225 4272; x_wconf 87' lang='lat' dir='ltr'><strong><em>gratia</em></strong></span> <span class='ocrx_word' id='word_1_602' title='bbox 237 4194 343 4261; x_wconf 86' lang='lat' dir='ltr'><strong><em>renati,</em></strong></span> <span class='ocrx_word' id='word_1_603' title='bbox 357 4191 395 4248; x_wconf 91' lang='lat' dir='ltr'><strong><em>ad</em></strong></span> <span class='ocrx_word' id='word_1_604' title='bbox 410 4190 475 4262; x_wconf 75' lang='lat' dir='ltr'><strong><em>eins</em></strong></span> <span class='ocrx_word' id='word_1_605' title='bbox 490 4202 616 4259; x_wconf 89' lang='lat' dir='ltr'><strong><em>ragnum</em></strong></span> <span class='ocrx_word' id='word_1_606' title='bbox 629 4186 797 4260; x_wconf 67' lang='lat' dir='ltr'><strong><em>periments</em></strong></span> <span class='ocrx_word' id='word_1_607' title='bbox 813 4187 958 4259; x_wconf 86' lang='lat' dir='ltr'><strong><em>quoniam</em></strong></span> <span class='ocrx_word' id='word_1_608' title='bbox 1013 4194 1151 4267; x_wconf 66' lang='lat' dir='ltr'><strong><em>superius</em></strong></span> <span class='ocrx_word' id='word_1_609' title='bbox 1165 4191 1401 4265; x_wconf 70' lang='lat' dir='ltr'><strong><em>disputavimus.</em></strong></span> 
     </span>
     <span class='ocr_line' id='line_1_47' title="bbox 131 4274 1843 4359; baseline 0.001 -14"><span class='ocrx_word' id='word_1_610' title='bbox 131 4303 213 4345; x_wconf 91' lang='lat' dir='ltr'><strong><em>mors</em></strong></span> <span class='ocrx_word' id='word_1_611' title='bbox 228 4276 563 4356; x_wconf 88' lang='lat' dir='ltr'><strong><em>temporalis‚quamvis</em></strong></span> <span class='ocrx_word' id='word_1_612' title='bbox 578 4280 606 4332; x_wconf 89' lang='lat' dir='ltr'><strong><em>et</em></strong></span> <span class='ocrx_word' id='word_1_613' title='bbox 620 4276 687 4348; x_wconf 89' lang='lat' dir='ltr'><strong><em>ipsa</em></strong></span> <span class='ocrx_word' id='word_1_614' title='bbox 701 4275 739 4331; x_wconf 89' lang='lat' dir='ltr'><strong><em>da</em></strong></span> <span class='ocrx_word' id='word_1_615' title='bbox 752 4274 891 4346; x_wconf 86' lang='lat' dir='ltr'><strong><em>originali</em></strong></span> <span class='ocrx_word' id='word_1_616' title='bbox 906 4274 960 4332; x_wconf 81' lang='lat' dir='ltr'><strong><em>de-</em></strong></span> <span class='ocrx_word' id='word_1_617' title='bbox 1047 4286 1093 4342; x_wconf 76' lang='lat'><strong><em>21.</em></strong></span> <span class='ocrx_word' id='word_1_618' title='bbox 1108 4280 1285 4339; x_wconf 78' lang='lat' dir='ltr'><strong><em>contrahere</em></strong></span> <span class='ocrx_word' id='word_1_619' title='bbox 1299 4280 1433 4354; x_wconf 76' lang='lat' dir='ltr'><strong><em>Apostoll</em></strong></span> <span class='ocrx_word' id='word_1_620' title='bbox 1447 4281 1722 4359; x_wconf 84' lang='lat' dir='ltr'><strong><em>verbosannmque</em></strong></span> <span class='ocrx_word' id='word_1_621' title='bbox 1732 4285 1843 4347; x_wconf 85' lang='lat' dir='ltr'><strong><em>intelle·</em></strong></span> 
     </span>
     <span class='ocr_line' id='line_1_48' title="bbox 130 4362 1844 4449; baseline 0 -13"><span class='ocrx_word' id='word_1_622' title='bbox 130 4378 198 4436; x_wconf 90' lang='lat' dir='ltr'><strong><em>lioto</em></strong></span> <span class='ocrx_word' id='word_1_623' title='bbox 211 4374 379 4449; x_wconf 66' lang='lat' dir='ltr'><strong><em>propatula</em></strong></span> <span class='ocrx_word' id='word_1_624' title='bbox 390 4363 592 4439; x_wconf 68' lang='lat' dir='ltr'><strong><em>iilstolttffliss</em></strong></span> <span class='ocrx_word' id='word_1_625' title='bbox 607 4362 810 4429; x_wconf 88' lang='lat' dir='ltr'><strong><em>eisinterimit,</em></strong></span> <span class='ocrx_word' id='word_1_626' title='bbox 825 4363 958 4421; x_wconf 64' lang='lat' dir='ltr'><strong><em>&amp;nimum</em></strong></span> <span class='ocrx_word' id='word_1_627' title='bbox 1013 4377 1095 4430; x_wconf 87' lang='lat' dir='ltr'><strong><em>otum</em></strong></span> <span class='ocrx_word' id='word_1_628' title='bbox 1109 4369 1221 4429; x_wconf 89' lang='lat' dir='ltr'><strong><em>nemini</em></strong></span> <span class='ocrx_word' id='word_1_629' title='bbox 1235 4370 1420 4443; x_wconf 83' lang='lat' dir='ltr'><strong><em>aequiesoas,</em></strong></span> <span class='ocrx_word' id='word_1_630' title='bbox 1433 4370 1510 4428; x_wconf 80' lang='lat' dir='ltr'><strong><em>siris</em></strong></span> <span class='ocrx_word' id='word_1_631' title='bbox 1525 4371 1639 4430; x_wconf 88' lang='lat' dir='ltr'><strong><em>Christo</em></strong></span> <span class='ocrx_word' id='word_1_632' title='bbox 1652 4373 1718 4431; x_wconf 89' lang='lat' dir='ltr'><strong><em>etin</em></strong></span> <span class='ocrx_word' id='word_1_633' title='bbox 1729 4375 1844 4436; x_wconf 83' lang='lat' dir='ltr'><strong><em>curtus</em></strong></span> 
     </span>
     <span class='ocr_line' id='line_1_49' title="bbox 133 4452 1844 4541; baseline -0.002 -17"><span class='ocrx_word' id='word_1_634' title='bbox 133 4482 202 4524; x_wconf 91' lang='lat' dir='ltr'><strong><em>vero</em></strong></span> <span class='ocrx_word' id='word_1_635' title='bbox 215 4465 252 4521; x_wconf 91' lang='lat' dir='ltr'><strong><em>ad</em></strong></span> <span class='ocrx_word' id='word_1_636' title='bbox 269 4474 392 4537; x_wconf 85' lang='lat' dir='ltr'><strong><em>poenam</em></strong></span> <span class='ocrx_word' id='word_1_637' title='bbox 403 4452 867 4526; x_wconf 89' lang='lat' dir='ltr'><strong><em>nontrahit,nbivoluitregnum</em></strong></span> <span class='ocrx_word' id='word_1_638' title='bbox 881 4468 961 4511; x_wconf 88' lang='lat' dir='ltr'><strong><em>mor·</em></strong></span> <span class='ocrx_word' id='word_1_639' title='bbox 1011 4460 1121 4519; x_wconf 75' lang='lat' dir='ltr'><strong><em>vivere.</em></strong></span> <span class='ocrx_word' id='word_1_640' title='bbox 1138 4462 1213 4517; x_wconf 82' lang='lat' dir='ltr'><strong><em>Nam</em></strong></span> <span class='ocrx_word' id='word_1_641' title='bbox 1229 4459 1265 4527; x_wconf 90' lang='lat' dir='ltr'><strong><em>si,</em></strong></span> <span class='ocrx_word' id='word_1_642' title='bbox 1280 4460 1550 4534; x_wconf 80' lang='lat' dir='ltr'><strong><em>quaemadmodum</em></strong></span> <span class='ocrx_word' id='word_1_643' title='bbox 1564 4460 1605 4519; x_wconf 93' lang='lat' dir='ltr'><strong><em>illi</em></strong></span> <span class='ocrx_word' id='word_1_644' title='bbox 1620 4462 1739 4533; x_wconf 85' lang='lat' dir='ltr'><strong><em>dieunt,</em></strong></span> <span class='ocrx_word' id='word_1_645' title='bbox 1756 4482 1844 4541; x_wconf 87' lang='lat' dir='ltr'><strong><em>prop-</em></strong></span> 
     </span>
     <span class='ocr_line' id='line_1_50' title="bbox 131 4541 1842 4631; baseline -0.001 -18"><span class='ocrx_word' id='word_1_646' title='bbox 131 4558 167 4613; x_wconf 88' lang='lat' dir='ltr'><strong><em>tia</em></strong></span> <span class='ocrx_word' id='word_1_647' title='bbox 183 4552 328 4623; x_wconf 90' lang='lat' dir='ltr'><strong><em>intelligi:</em></strong></span> <span class='ocrx_word' id='word_1_648' title='bbox 346 4552 377 4606; x_wconf 93' lang='lat' dir='ltr'><strong><em>ut</em></strong></span> <span class='ocrx_word' id='word_1_649' title='bbox 394 4546 498 4605; x_wconf 90' lang='lat' dir='ltr'><strong><em>anima</em></strong></span> <span class='ocrx_word' id='word_1_650' title='bbox 523 4550 628 4601; x_wconf 87' lang='lat' dir='ltr'><strong><em>renata</em></strong></span> <span class='ocrx_word' id='word_1_651' title='bbox 641 4544 652 4580; x_wconf 89' lang='lat'><strong>¹</strong></span> <span class='ocrx_word' id='word_1_652' title='bbox 665 4558 719 4617; x_wconf 88' lang='lat' dir='ltr'><strong><em>per</em></strong></span> <span class='ocrx_word' id='word_1_653' title='bbox 738 4541 878 4614; x_wconf 89' lang='lat' dir='ltr'><strong><em>gratiam,</em></strong></span> <span class='ocrx_word' id='word_1_654' title='bbox 893 4541 959 4613; x_wconf 80' lang='lat' dir='ltr'><strong><em>J&#39;am</em></strong></span> <span class='ocrx_word' id='word_1_655' title='bbox 1012 4554 1093 4609; x_wconf 69' lang='lat' dir='ltr'><strong><em>terea</em></strong></span> <span class='ocrx_word' id='word_1_656' title='bbox 1107 4549 1164 4607; x_wconf 81' lang='lat' dir='ltr'><strong><em>iste</em></strong></span> <span class='ocrx_word' id='word_1_657' title='bbox 1175 4554 1447 4607; x_wconf 87' lang='lat' dir='ltr'><strong><em>eommemorasset</em></strong></span> <span class='ocrx_word' id='word_1_658' title='bbox 1464 4550 1636 4624; x_wconf 74' lang='lat' dir='ltr'><strong><em>Apostolus,</em></strong></span> <span class='ocrx_word' id='word_1_659' title='bbox 1649 4557 1684 4609; x_wconf 92' lang='lat' dir='ltr'><strong><em>ut</em></strong></span> <span class='ocrx_word' id='word_1_660' title='bbox 1695 4553 1842 4631; x_wconf 87' lang='lat' dir='ltr'><strong><em>intellige·</em></strong></span> 
     </span>
     <span class='ocr_line' id='line_1_51' title="bbox 130 4630 1842 4718; baseline -0.001 -18"><span class='ocrx_word' id='word_1_661' title='bbox 130 4661 192 4703; x_wconf 90' lang='lat' dir='ltr'><strong><em>non</em></strong></span> <span class='ocrx_word' id='word_1_662' title='bbox 208 4642 354 4699; x_wconf 89' lang='lat' dir='ltr'><strong><em>moriatur</em></strong></span> <span class='ocrx_word' id='word_1_663' title='bbox 374 4637 405 4693; x_wconf 93' lang='lat' dir='ltr'><strong><em>in</em></strong></span> <span class='ocrx_word' id='word_1_664' title='bbox 420 4635 602 4708; x_wconf 89' lang='lat' dir='ltr'><strong><em>gehennam,</em></strong></span> <span class='ocrx_word' id='word_1_665' title='bbox 621 4632 651 4690; x_wconf 91' lang='lat' dir='ltr'><strong><em>id</em></strong></span> <span class='ocrx_word' id='word_1_666' title='bbox 666 4638 711 4689; x_wconf 88' lang='lat' dir='ltr'><strong><em>est</em></strong></span> <span class='ocrx_word' id='word_1_667' title='bbox 725 4647 743 4689; x_wconf 90' lang='lat' dir='ltr'><strong><em>a</em></strong></span> <span class='ocrx_word' id='word_1_668' title='bbox 756 4633 816 4689; x_wconf 88' lang='lat' dir='ltr'><strong><em>vita</em></strong></span> <span class='ocrx_word' id='word_1_669' title='bbox 831 4630 881 4689; x_wconf 85' lang='lat' dir='ltr'><strong><em>Dei</em></strong></span> <span class='ocrx_word' id='word_1_670' title='bbox 896 4646 958 4689; x_wconf 93' lang='lat' dir='ltr'><strong><em>uon</em></strong></span> <span class='ocrx_word' id='word_1_671' title='bbox 1011 4653 1114 4697; x_wconf 87' lang='lat' dir='ltr'><strong><em>remus</em></strong></span> <span class='ocrx_word' id='word_1_672' title='bbox 1126 4636 1165 4694; x_wconf 91' lang='lat' dir='ltr'><strong><em>ad</em></strong></span> <span class='ocrx_word' id='word_1_673' title='bbox 1178 4637 1309 4711; x_wconf 91' lang='lat' dir='ltr'><strong><em>primum</em></strong></span> <span class='ocrx_word' id='word_1_674' title='bbox 1319 4636 1476 4696; x_wconf 91' lang='lat' dir='ltr'><strong><em>hominem</em></strong></span> <span class='ocrx_word' id='word_1_675' title='bbox 1490 4644 1663 4712; x_wconf 77' lang='lat' dir='ltr'><strong><em>pensatores</em></strong></span> <span class='ocrx_word' id='word_1_676' title='bbox 1671 4640 1743 4700; x_wconf 89' lang='lat' dir='ltr'><strong><em>ideo</em></strong></span> <span class='ocrx_word' id='word_1_677' title='bbox 1757 4644 1842 4718; x_wconf 88' lang='lat' dir='ltr'><strong><em>perti·</em></strong></span> 
     </span>
     <span class='ocr_line' id='line_1_52' title="bbox 130 4720 1841 4803; baseline 0.001 -14"><span class='ocrx_word' id='word_1_678' title='bbox 130 4732 284 4795; x_wconf 90' lang='lat' dir='ltr'><strong><em>alienetur,</em></strong></span> <span class='ocrx_word' id='word_1_679' title='bbox 299 4743 359 4784; x_wconf 93' lang='lat' dir='ltr'><strong><em>non</em></strong></span> <span class='ocrx_word' id='word_1_680' title='bbox 376 4730 551 4798; x_wconf 86' lang='lat' dir='ltr'><strong><em>separetur;</em></strong></span> <span class='ocrx_word' id='word_1_681' title='bbox 570 4720 742 4794; x_wconf 90' lang='lat' dir='ltr'><strong><em>temporalis</em></strong></span> <span class='ocrx_word' id='word_1_682' title='bbox 756 4727 855 4778; x_wconf 90' lang='lat' dir='ltr'><strong><em>autem</em></strong></span> <span class='ocrx_word' id='word_1_683' title='bbox 875 4736 958 4778; x_wconf 93' lang='lat' dir='ltr'><strong><em>mors</em></strong></span> <span class='ocrx_word' id='word_1_684' title='bbox 1012 4741 1093 4794; x_wconf 87' lang='lat' dir='ltr'><strong><em>nere,</em></strong></span> <span class='ocrx_word' id='word_1_685' title='bbox 1108 4726 1181 4800; x_wconf 86' lang='lat' dir='ltr'><strong><em>quia</em></strong></span> <span class='ocrx_word' id='word_1_686' title='bbox 1196 4724 1407 4783; x_wconf 88' lang='lat' dir='ltr'><strong><em>nondelietnm</em></strong></span> <span class='ocrx_word' id='word_1_687' title='bbox 1415 4742 1452 4784; x_wconf 82' lang='lat' dir='ltr'><strong><em>ex</em></strong></span> <span class='ocrx_word' id='word_1_688' title='bbox 1464 4726 1673 4786; x_wconf 89' lang='lat' dir='ltr'><strong><em>illonssoendo</em></strong></span> <span class='ocrx_word' id='word_1_689' title='bbox 1682 4732 1841 4803; x_wconf 85' lang='lat' dir='ltr'><strong><em>traximus,</em></strong></span> 
     </span>
     <span class='ocr_line' id='line_1_53' title="bbox 130 4809 1841 4897; baseline 0 -19"><span class='ocrx_word' id='word_1_690' title='bbox 130 4819 273 4893; x_wconf 90' lang='lat' dir='ltr'><strong><em>eorporis,</em></strong></span> <span class='ocrx_word' id='word_1_691' title='bbox 287 4817 376 4873; x_wconf 89' lang='lat' dir='ltr'><strong><em>etiam</em></strong></span> <span class='ocrx_word' id='word_1_692' title='bbox 393 4810 636 4885; x_wconf 80' lang='lat' dir='ltr'><strong><em>iniisquichristi</em></strong></span> <span class='ocrx_word' id='word_1_693' title='bbox 647 4815 744 4867; x_wconf 87' lang='lat' dir='ltr'><strong><em>morte</em></strong></span> <span class='ocrx_word' id='word_1_694' title='bbox 758 4809 957 4878; x_wconf 88' lang='lat' dir='ltr'><strong><em>redimuntur,</em></strong></span> <span class='ocrx_word' id='word_1_695' title='bbox 1012 4816 1065 4874; x_wconf 74' lang='lat' dir='ltr'><strong><em>sod</em></strong></span> <span class='ocrx_word' id='word_1_696' title='bbox 1083 4831 1152 4875; x_wconf 70' lang='lat' dir='ltr'><strong><em>eum</em></strong></span> <span class='ocrx_word' id='word_1_697' title='bbox 1167 4814 1841 4897; x_wconf 86' lang='lat' dir='ltr'><strong><em>imitandopeeeamus;diabolumpotiuspo·</em></strong></span> 
     </span>
     <span class='ocr_line' id='line_1_54' title="bbox 127 4898 1841 4983; baseline -0.011 -12"><span class='ocrx_word' id='word_1_698' title='bbox 127 4901 462 4983; x_wconf 87' lang='lat' dir='ltr'><strong><em>reliquaturinterimad</em></strong></span> <span class='ocrx_word' id='word_1_699' title='bbox 469 4900 709 4958; x_wconf 79' lang='lat' dir='ltr'><strong><em>exercitationem</em></strong></span> <span class='ocrx_word' id='word_1_700' title='bbox 717 4898 958 4970; x_wconf 65' lang='lat' dir='ltr'><strong><em>fideiussionem</em></strong></span> <span class='ocrx_word' id='word_1_701' title='bbox 1012 4910 1106 4977; x_wconf 64' lang='lat' dir='ltr'><strong><em>noros,</em></strong></span> <span class='ocrx_word' id='word_1_702' title='bbox 1120 4904 1174 4978; x_wconf 82' lang='lat' dir='ltr'><strong><em>qui</em></strong></span> <span class='ocrx_word' id='word_1_703' title='bbox 1206 4908 1235 4961; x_wconf 68' lang='lat' dir='ltr'><strong><em>ot</em></strong></span> <span class='ocrx_word' id='word_1_704' title='bbox 1248 4904 1365 4978; x_wconf 69' lang='lat' dir='ltr'><strong><em>primus</em></strong></span> <span class='ocrx_word' id='word_1_705' title='bbox 1384 4905 1529 4977; x_wconf 63' lang='lat' dir='ltr'><strong><em>pensavit,</em></strong></span> <span class='ocrx_word' id='word_1_706' title='bbox 1548 4909 1577 4963; x_wconf 65' lang='grc' dir='ltr'><strong><em>οι</em></strong></span> <span class='ocrx_word' id='word_1_707' title='bbox 1597 4905 1633 4964; x_wconf 61' lang='grc' dir='ltr'><strong><em>(ιο</em></strong></span> <span class='ocrx_word' id='word_1_708' title='bbox 1647 4922 1712 4981; x_wconf 68' lang='lat' dir='ltr'><strong><em>quo</em></strong></span> <span class='ocrx_word' id='word_1_709' title='bbox 1726 4910 1841 4971; x_wconf 66' lang='lat' dir='ltr'><strong><em>„unm</em></strong></span> 
     </span>
     <span class='ocr_line' id='line_1_55' title="bbox 128 4989 1842 5076; baseline 0 -18"><span class='ocrx_word' id='word_1_710' title='bbox 128 4998 285 5076; x_wconf 72' lang='lat' dir='ltr'><strong><em>praesentis</em></strong></span> <span class='ocrx_word' id='word_1_711' title='bbox 298 4990 482 5060; x_wconf 82' lang='lat' dir='ltr'><strong><em>luctationis,</em></strong></span> <span class='ocrx_word' id='word_1_712' title='bbox 498 4989 529 5045; x_wconf 92' lang='lat' dir='ltr'><strong><em>in</em></strong></span> <span class='ocrx_word' id='word_1_713' title='bbox 549 5004 610 5062; x_wconf 90' lang='lat' dir='ltr'><strong><em>quo</em></strong></span> <span class='ocrx_word' id='word_1_714' title='bbox 625 4993 653 5045; x_wconf 95' lang='lat' dir='ltr'><strong><em>et</em></strong></span> <span class='ocrx_word' id='word_1_715' title='bbox 665 4993 814 5062; x_wconf 85' lang='lat' dir='ltr'><strong><em>martyres</em></strong></span> <span class='ocrx_word' id='word_1_716' title='bbox 829 4994 960 5046; x_wconf 80' lang='lat' dir='ltr'><strong><em>certave-</em></strong></span> <span class='ocrx_word' id='word_1_717' title='bbox 1012 4994 1187 5054; x_wconf 69' lang='lat' dir='ltr'><strong><em>substantia</em></strong></span> <span class='ocrx_word' id='word_1_718' title='bbox 1194 4994 1393 5067; x_wconf 89' lang='lat' dir='ltr'><strong><em>propaginem</em></strong></span> <span class='ocrx_word' id='word_1_719' title='bbox 1406 4993 1842 5067; x_wconf 86' lang='lat' dir='ltr'><strong><em>traxitgennshnmanum,sed</em></strong></span> 
     </span>
     <span class='ocr_line' id='line_1_56' title="bbox 128 5078 1841 5164; baseline -0.007 -17"><span class='ocrx_word' id='word_1_720' title='bbox 128 5096 211 5156; x_wconf 72' lang='lat' dir='ltr'><strong><em>runt,</em></strong></span> <span class='ocrx_word' id='word_1_721' title='bbox 228 5087 406 5145; x_wconf 89' lang='lat' dir='ltr'><strong><em>absumatur</em></strong></span> <span class='ocrx_word' id='word_1_722' title='bbox 420 5094 491 5136; x_wconf 93' lang='lat' dir='ltr'><strong><em>vero</em></strong></span> <span class='ocrx_word' id='word_1_723' title='bbox 512 5083 542 5135; x_wconf 91' lang='lat' dir='ltr'><strong><em>et</em></strong></span> <span class='ocrx_word' id='word_1_724' title='bbox 555 5079 622 5151; x_wconf 80' lang='lat' dir='ltr'><strong><em>ipsa</em></strong></span> <span class='ocrx_word' id='word_1_725' title='bbox 642 5078 672 5134; x_wconf 92' lang='lat' dir='ltr'><strong><em>in</em></strong></span> <span class='ocrx_word' id='word_1_726' title='bbox 685 5078 881 5135; x_wconf 87' lang='lat' dir='ltr'><strong><em>renovatione</em></strong></span> <span class='ocrx_word' id='word_1_727' title='bbox 895 5093 959 5135; x_wconf 85' lang='lat' dir='ltr'><strong><em>eor·</em></strong></span> <span class='ocrx_word' id='word_1_728' title='bbox 1011 5100 1081 5143; x_wconf 91' lang='lat' dir='ltr'><strong><em>enm</em></strong></span> <span class='ocrx_word' id='word_1_729' title='bbox 1096 5082 1334 5141; x_wconf 87' lang='lat' dir='ltr'><strong><em>solaimitntione</em></strong></span> <span class='ocrx_word' id='word_1_730' title='bbox 1349 5089 1485 5139; x_wconf 78' lang='lat' dir='ltr'><strong><em>secutum</em></strong></span> <span class='ocrx_word' id='word_1_731' title='bbox 1495 5087 1540 5140; x_wconf 88' lang='lat' dir='ltr'><strong><em>eat</em></strong></span> <span class='ocrx_word' id='word_1_732' title='bbox 1554 5101 1562 5141; x_wconf 90' lang='lat'>:</span> <span class='ocrx_word' id='word_1_733' title='bbox 1578 5084 1660 5143; x_wconf 84' lang='lat' dir='ltr'><strong><em>unde</em></strong></span> <span class='ocrx_word' id='word_1_734' title='bbox 1672 5085 1841 5164; x_wconf 67' lang='lat' dir='ltr'><strong><em>dieiturps.</em></strong></span> 
     </span>
     <span class='ocr_line' id='line_1_57' title="bbox 127 5166 1842 5254; baseline -0.003 -17"><span class='ocrx_word' id='word_1_735' title='bbox 127 5180 221 5254; x_wconf 82' lang='lat' dir='ltr'><strong><em>poris,</em></strong></span> <span class='ocrx_word' id='word_1_736' title='bbox 237 5191 330 5251; x_wconf 86' lang='lat' dir='ltr'><strong><em>qnam</em></strong></span> <span class='ocrx_word' id='word_1_737' title='bbox 341 5168 521 5229; x_wconf 85' lang='lat' dir='ltr'><strong><em>resurreetio</em></strong></span> <span class='ocrx_word' id='word_1_738' title='bbox 534 5166 958 5240; x_wconf 82' lang='lat' dir='ltr'><strong><em>pollioeturlbienimpenitns</em></strong></span> <span class='ocrx_word' id='word_1_739' title='bbox 998 5178 1056 5232; x_wconf 71' lang='lat' dir='ltr'><strong><em>-tsr</em></strong></span> <span class='ocrx_word' id='word_1_740' title='bbox 1069 5172 1242 5247; x_wconf 86' lang='lat' dir='ltr'><strong><em>impiorum,</em></strong></span> <span class='ocrx_word' id='word_1_741' title='bbox 1254 5172 1332 5227; x_wconf 86' lang='lat' dir='ltr'><strong><em>siout</em></strong></span> <span class='ocrx_word' id='word_1_742' title='bbox 1345 5175 1449 5229; x_wconf 88' lang='lat' dir='ltr'><strong><em>noster</em></strong></span> <span class='ocrx_word' id='word_1_743' title='bbox 1469 5171 1581 5230; x_wconf 88' lang='lat' dir='ltr'><strong><em>dieitur</em></strong></span> <span class='ocrx_word' id='word_1_744' title='bbox 1589 5176 1676 5246; x_wconf 82' lang='lat' dir='ltr'><strong><em>pater</em></strong></span> <span class='ocrx_word' id='word_1_745' title='bbox 1687 5174 1842 5238; x_wconf 73' lang='lat' dir='ltr'><strong><em>Abraham</em></strong></span> 
     </span>
     <span class='ocr_line' id='line_1_58' title="bbox 128 5255 1841 5339; baseline -0.002 -12"><span class='ocrx_word' id='word_1_746' title='bbox 128 5267 337 5327; x_wconf 88' lang='lat' dir='ltr'><strong><em>absorbebitur</em></strong></span> <span class='ocrx_word' id='word_1_747' title='bbox 351 5277 432 5319; x_wconf 86' lang='lat' dir='ltr'><strong><em>vnors</em></strong></span> <span class='ocrx_word' id='word_1_748' title='bbox 445 5258 476 5315; x_wconf 89' lang='lat' dir='ltr'><strong><em>in</em></strong></span> <span class='ocrx_word' id='word_1_749' title='bbox 493 5255 649 5314; x_wconf 82' lang='lat' dir='ltr'><strong><em>victoriam</em></strong></span> <span class='ocrx_word' id='word_1_750' title='bbox 664 5256 687 5328; x_wconf 91' lang='lat' dir='ltr'><strong><em>(l</em></strong></span> <span class='ocrx_word' id='word_1_751' title='bbox 705 5256 773 5313; x_wconf 83' lang='lat' dir='ltr'><strong><em>Cor.</em></strong></span> <span class='ocrx_word' id='word_1_752' title='bbox 784 5271 834 5322; x_wconf 85' lang='lat' dir='ltr'><strong><em>xv,</em></strong></span> <span class='ocrx_word' id='word_1_753' title='bbox 851 5256 957 5328; x_wconf 81' lang='lat' dir='ltr'><strong><em>li),eui</em></strong></span> <span class='ocrx_word' id='word_1_754' title='bbox 1011 5268 1131 5338; x_wconf 87' lang='lat' dir='ltr'><strong><em>propter</em></strong></span> <span class='ocrx_word' id='word_1_755' title='bbox 1147 5260 1345 5319; x_wconf 90' lang='lat' dir='ltr'><strong><em>imitationem</em></strong></span> <span class='ocrx_word' id='word_1_756' title='bbox 1373 5259 1454 5328; x_wconf 83' lang='lat' dir='ltr'><strong><em>fidel,</em></strong></span> <span class='ocrx_word' id='word_1_757' title='bbox 1470 5276 1532 5319; x_wconf 93' lang='lat' dir='ltr'><strong><em>non</em></strong></span> <span class='ocrx_word' id='word_1_758' title='bbox 1549 5269 1673 5337; x_wconf 88' lang='lat' dir='ltr'><strong><em>propter</em></strong></span> <span class='ocrx_word' id='word_1_759' title='bbox 1693 5264 1841 5339; x_wconf 83' lang='lat' dir='ltr'><strong><em>originem</em></strong></span> 
     </span>
     <span class='ocr_line' id='line_1_59' title="bbox 128 5345 1843 5427; baseline 0 -12"><span class='ocrx_word' id='word_1_760' title='bbox 128 5346 551 5427; x_wconf 84' lang='lat' dir='ltr'><strong><em>modogratialeristiedimit</em></strong></span> <span class='ocrx_word' id='word_1_761' title='bbox 564 5360 704 5417; x_wconf 88' lang='lat' dir='ltr'><strong><em>regnum,</em></strong></span> <span class='ocrx_word' id='word_1_762' title='bbox 719 5360 888 5402; x_wconf 83' lang='lat' dir='ltr'><strong><em>neruorum</em></strong></span> <span class='ocrx_word' id='word_1_763' title='bbox 895 5345 959 5402; x_wconf 89' lang='lat' dir='ltr'><strong><em>ani·</em></strong></span> <span class='ocrx_word' id='word_1_764' title='bbox 1010 5352 1110 5411; x_wconf 69' lang='lat' dir='ltr'><strong><em>earnis</em></strong></span> <span class='ocrx_word' id='word_1_765' title='bbox 1126 5352 1227 5425; x_wconf 83' lang='lat' dir='ltr'><strong><em>(loon.</em></strong></span> <span class='ocrx_word' id='word_1_766' title='bbox 1248 5365 1311 5420; x_wconf 86' lang='lat' dir='ltr'><strong><em>vvvv,</em></strong></span> <span class='ocrx_word' id='word_1_767' title='bbox 1326 5349 1383 5421; x_wconf 79' lang='lat'><strong>38).</strong></span> <span class='ocrx_word' id='word_1_768' title='bbox 1404 5350 1478 5408; x_wconf 87' lang='lat' dir='ltr'><strong><em>liam</em></strong></span> <span class='ocrx_word' id='word_1_769' title='bbox 1496 5348 1566 5408; x_wconf 90' lang='lat' dir='ltr'><strong><em>ideo</em></strong></span> <span class='ocrx_word' id='word_1_770' title='bbox 1580 5350 1618 5409; x_wconf 90' lang='lat' dir='ltr'><strong><em>de</em></strong></span> <span class='ocrx_word' id='word_1_771' title='bbox 1632 5351 1703 5427; x_wconf 91' lang='lat' dir='ltr'><strong><em>ipso</em></strong></span> <span class='ocrx_word' id='word_1_772' title='bbox 1719 5354 1843 5417; x_wconf 87' lang='lat' dir='ltr'><strong><em>diabolo</em></strong></span> 
     </span>
    </p>
   </div>
   <div class='ocr_carea' id='block_1_3' title="bbox 160 5438 1844 5559">
    <p class='ocr_par' dir='ltr' id='par_1_3' title="bbox 160 5438 1844 5559">
     <span class='ocr_line' id='line_1_60' title="bbox 160 5438 1844 5559; baseline -0.017 -11"><span class='ocrx_word' id='word_1_773' title='bbox 160 5494 455 5559; x_wconf 81' lang='lat' dir='ltr'><strong><em>¹b0v.,tmpntubutar.</em></strong></span> <span class='ocrx_word' id='word_1_774' title='bbox 471 5489 643 5543; x_wconf 77' lang='lat' dir='ltr'><strong><em>libadtm.</em></strong></span> <span class='ocrx_word' id='word_1_775' title='bbox 667 5487 957 5555; x_wconf 69' lang='lat' dir='ltr'><strong><em>Enetplsriquehsa,</em></strong></span> <span class='ocrx_word' id='word_1_776' title='bbox 1009 5442 1124 5501; x_wconf 49' lang='lat' dir='ltr'><strong><em>dimum</em></strong></span> <span class='ocrx_word' id='word_1_777' title='bbox 1148 5444 1211 5498; x_wconf 63' lang='lat' dir='ltr'><strong><em>⁰⁸t²</em></strong></span> <span class='ocrx_word' id='word_1_778' title='bbox 1242 5439 1408 5497; x_wconf 48' lang='lat' dir='ltr'><strong><em>Imitantur</em></strong></span> <span class='ocrx_word' id='word_1_779' title='bbox 1434 5438 1635 5498; x_wconf 63' lang='lat' dir='ltr'><strong><em>“mmmm</em></strong></span> <span class='ocrx_word' id='word_1_780' title='bbox 1653 5444 1709 5516; x_wconf 60' lang='grc' dir='ltr'><em>Μ</em></span> <span class='ocrx_word' id='word_1_781' title='bbox 1719 5452 1792 5503; x_wconf 66' lang='lat'>’¹⁰⁸‘</span> <span class='ocrx_word' id='word_1_782' title='bbox 1805 5460 1844 5507; x_wconf 53' lang='grc' dir='ltr'>Η</span> 
     </span>
    </p>
   </div>
   <div class='ocr_carea' id='block_1_4' title="bbox 129 5545 1843 5749">
    <p class='ocr_par' dir='ltr' id='par_1_4' title="bbox 129 5545 1843 5749">
     <span class='ocr_line' id='line_1_61' title="bbox 129 5545 1843 5625; baseline -0.006 -15"><span class='ocrx_word' id='word_1_783' title='bbox 129 5561 309 5625; x_wconf 80' lang='lat' dir='ltr'><strong><em>deputabatur,</em></strong></span> <span class='ocrx_word' id='word_1_784' title='bbox 327 5557 412 5613; x_wconf 86' lang='lat' dir='ltr'><strong><em>idest,</em></strong></span> <span class='ocrx_word' id='word_1_785' title='bbox 441 5553 614 5606; x_wconf 83' lang='lat' dir='ltr'><strong><em>esculnmesse</em></strong></span> <span class='ocrx_word' id='word_1_786' title='bbox 640 5550 853 5617; x_wconf 81' lang='lat' dir='ltr'><strong><em>nonputolsotsvr,</em></strong></span> <span class='ocrx_word' id='word_1_787' title='bbox 870 5550 983 5618; x_wconf 89' lang='lat' dir='ltr'><strong><em>inquit&#39;</em></strong></span> <span class='ocrx_word' id='word_1_788' title='bbox 1041 5548 1128 5601; x_wconf 80' lang='lat' dir='ltr'><strong><em>¹ned.</em></strong></span> <span class='ocrx_word' id='word_1_789' title='bbox 1144 5547 1228 5602; x_wconf 64' lang='lat' dir='ltr'><strong><em>linei</em></strong></span> <span class='ocrx_word' id='word_1_790' title='bbox 1243 5546 1413 5598; x_wconf 64' lang='lat' dir='ltr'><strong><em>Ballistam.</em></strong></span> <span class='ocrx_word' id='word_1_791' title='bbox 1429 5545 1494 5606; x_wconf 83' lang='lat' dir='ltr'><strong><em>;Per</em></strong></span> <span class='ocrx_word' id='word_1_792' title='bbox 1504 5560 1587 5599; x_wconf 68' lang='lat' dir='ltr'><strong><em>unm</em></strong></span> <span class='ocrx_word' id='word_1_793' title='bbox 1600 5554 1756 5615; x_wconf 62' lang='grc' dir='ltr'><strong><em>Μαι,</em></strong></span> <span class='ocrx_word' id='word_1_794' title='bbox 1777 5556 1843 5609; x_wconf 75' lang='lat' dir='ltr'><strong><em>uxta</em></strong></span> 
     </span>
     <span class='ocr_line' id='line_1_62' title="bbox 130 5610 1839 5682; baseline -0.008 -8"><span class='ocrx_word' id='word_1_795' title='bbox 130 5624 158 5674; x_wconf 91' lang='lat' dir='ltr'><strong><em>ln</em></strong></span> <span class='ocrx_word' id='word_1_796' title='bbox 177 5621 222 5672; x_wconf 88' lang='lat' dir='ltr'><strong><em>lib.</em></strong></span> <span class='ocrx_word' id='word_1_797' title='bbox 239 5622 250 5668; x_wconf 93' lang='lat' dir='ltr'><strong><em>l</em></strong></span> <span class='ocrx_word' id='word_1_798' title='bbox 269 5621 388 5682; x_wconf 81' lang='lat' dir='ltr'><strong><em>depono.</em></strong></span> <span class='ocrx_word' id='word_1_799' title='bbox 427 5618 496 5675; x_wconf 81' lang='lat' dir='ltr'><strong><em>erit..</em></strong></span> <span class='ocrx_word' id='word_1_800' title='bbox 515 5630 538 5667; x_wconf 86' lang='lat' dir='ltr'><strong><em>e.</em></strong></span> <span class='ocrx_word' id='word_1_801' title='bbox 556 5618 595 5666; x_wconf 90' lang='lat' dir='ltr'><strong><em>vo.</em></strong></span> <span class='ocrx_word' id='word_1_802' title='bbox 1065 5625 1127 5664; x_wconf 86' lang='lat' dir='ltr'><strong><em>oum</em></strong></span> <span class='ocrx_word' id='word_1_803' title='bbox 1147 5610 1616 5674; x_wconf 76' lang='lat' dir='ltr'><strong><em>dtemssmsrssssnsss,·stsestam</em></strong></span> <span class='ocrx_word' id='word_1_804' title='bbox 1632 5610 1701 5667; x_wconf 73' lang='lat' dir='ltr'><strong><em>bor.</em></strong></span> <span class='ocrx_word' id='word_1_805' title='bbox 1718 5614 1748 5668; x_wconf 77' lang='lat' dir='ltr'><strong><em>in</em></strong></span> <span class='ocrx_word' id='word_1_806' title='bbox 1806 5618 1839 5667; x_wconf 82' lang='lat' dir='ltr'><strong><em>,t</em></strong></span> 
     </span>
     <span class='ocr_line' id='line_1_63' title="bbox 164 5671 1412 5749; baseline -0.009 -15"><span class='ocrx_word' id='word_1_807' title='bbox 164 5686 174 5717; x_wconf 84' lang='lat'><strong>¹</strong></span> <span class='ocrx_word' id='word_1_808' title='bbox 189 5684 252 5737; x_wconf 88' lang='lat' dir='ltr'><strong><em>llas.</em></strong></span> <span class='ocrx_word' id='word_1_809' title='bbox 268 5694 353 5749; x_wconf 88' lang='lat' dir='ltr'><strong><em>prope</em></strong></span> <span class='ocrx_word' id='word_1_810' title='bbox 363 5692 467 5736; x_wconf 87' lang='lat' dir='ltr'><strong><em>omnes,</em></strong></span> <span class='ocrx_word' id='word_1_811' title='bbox 478 5683 613 5730; x_wconf 82' lang='lat' dir='ltr'><strong><em>renouata.</em></strong></span> <span class='ocrx_word' id='word_1_812' title='bbox 1029 5676 1196 5743; x_wconf 86' lang='lat' dir='ltr'><strong><em>epeoeator.</em></strong></span> <span class='ocrx_word' id='word_1_813' title='bbox 1213 5671 1321 5733; x_wconf 71' lang='lat' dir='ltr'><strong><em>Meritis,</em></strong></span> <span class='ocrx_word' id='word_1_814' title='bbox 1337 5685 1362 5725; x_wconf 87' lang='lat' dir='ltr'><strong><em>o.</em></strong></span> <span class='ocrx_word' id='word_1_815' title='bbox 1374 5672 1412 5724; x_wconf 84' lang='lat' dir='ltr'><strong><em>ts.</em></strong></span> 
     </span>
    </p>
   </div>
   <div class='ocr_carea' id='block_1_5' title="bbox 0 0 1980 6128">
    <p class='ocr_par' dir='ltr' id='par_1_5' title="bbox 0 0 1980 6128">
     <span class='ocr_line' id='line_1_64' title="bbox 0 0 1980 6128; baseline 0 0"><span class='ocrx_word' id='word_1_816' title='bbox 0 0 1980 6128; x_wconf 95' lang='lat' dir='ltr'><strong><em> </em></strong></span> 
     </span>
    </p>
   </div>
  </div>
 </body>
</html>
