3952 6128
60 148 116 215 801
677 157 933 221 ΕΡΙΒΤΟΙΛΗῙΙΙ
953 157 1101 221 ctcssts
1120 162 1167 219 111.
1722 166 1776 239 tot

60 269 892 349 tamrsuorsumbsbst:charitosissima-majorentes
948 281 1062 335 nonest
1072 277 1310 351 improbumnao
1325 278 1550 355 inutilemque
1560 280 1775 351 animoteon-

57 354 172 417 horum
188 359 319 418 charitas
333 362 356 435 (I
367 363 436 420 Cor.
451 381 515 433 xui,
533 366 587 437 ts),
603 370 631 423 et
650 365 681 421 in
700 365 774 421 cibis
793 365 893 438 utique
946 365 1021 422 nuiii
1035 372 1149 439 putant,
1168 368 1225 425 hoc
1240 374 1285 425 est
1304 385 1390 428 crare
1407 370 1436 427 in
1455 370 1656 445 multiloquio,
1670 372 1692 429 si
1709 372 1774 431 diu·

56 446 152 506 vincit
166 455 273 507 caetera
288 452 376 524 panis
392 452 502 510 utilitas
521 470 528 521 ;
545 454 593 510 cui
609 454 776 511 contrarius
794 458 839 511 est
852 453 891 509 ia·
946 455 1005 512 tius
1024 462 1133 514 oretur.
1150 457 1238 515 Aliud
1257 465 1302 515 est
1317 476 1416 515 sermo
1429 460 1554 528 multus,
1566 460 1648 518 aliud
1663 462 1775 521 diutur-

58 536 120 610 pis,
128 539 274 611 quoniam
287 540 365 599 dura
377 541 469 599 corda
476 550 620 615 respuunt
629 543 803 600 charitatem
816 543 892 599 :siva
946 560 1004 601 nus
1020 544 1154 602 affectus.
1175 550 1248 604 Nam
1262 551 1291 604 et
1303 547 1341 603 de
1353 548 1418 621 ipso
1433 550 1558 606 Domino
1571 550 1715 624 scriptum
1731 555 1777 609 est

57 625 145 687 atiud
160 627 273 703 aliquid
286 633 503 703 congruentius
518 633 575 689 ista
594 631 770 705 significent,
792 638 893 689 tamen
946 634 1029 705 qnod
1040 635 1257 706 pernoctaverit
1267 637 1296 691 in
1310 636 1425 694 orando
1438 638 1521 708 (Luc.
1537 654 1577 704 vr,
1595 638 1775 712 12),etquod

54 717 112 793 qui
128 717 305 777 norithone
324 720 394 779 data
408 721 482 780 dare
495 722 563 779 filiis
580 722 651 790 suis,
673 727 772 795 petere
791 737 848 779 nos
865 725 894 779 ει
946 721 1090 795 prolixius
1110 725 1240 781 oraverit
1260 725 1320 795 (td.
1340 742 1409 797 xxn,
1431 728 1498 798 43):
1524 727 1576 783 ubi
1591 727 1664 800 quid
1680 744 1774 803 quam

55 822 195 881 quaerere
207 813 236 865 et
248 807 369 881 pulsare
384 810 543 883 competiit.
945 812 1034 868 nobis
1051 812 1206 884 praebebat
1229 813 1409 888 exemplum,
1432 816 1463 873 in
1486 822 1620 889 tempore
1637 821 1776 889 precator

96 896 140 953 tt.
156 897 347 971 Quodquare
359 899 458 967 faciat,
470 900 689 973 quinovitquid
701 898 893 957 nobisneces-
945 907 1145 974 opportunus,
1160 918 1231 960 oum
1246 906 1330 961 Patre
1342 905 1497 962 exauditor
1511 910 1639 962 aeternus
1654 903 1669 963 i

54 985 175 1043 sarium
193 986 242 1051 eit,
262 988 437 1061 priusquam
458 994 596 1062 petamus
626 989 666 1046 ab
694 1004 740 1056 eo,
772 1004 893 1047 morere
981 994 1025 1047 ιο.
1043 990 1187 1049 Dicuntur
1205 992 1310 1050 iratres
1325 994 1354 1050 in
1377 996 1503 1067 AEgyptc
1520 992 1640 1052 crebras
1652 994 1776 1067 quidem

51 1074 196 1135 animum
216 1080 326 1148 potest,
345 1077 403 1135 nisi
421 1077 622 1149 intelligamus
640 1078 724 1152 quod
748 1079 893 1136 Dominus
945 1078 1057 1136 habere
1080 1081 1239 1147 orationes,
1254 1082 1308 1139 sed
1328 1099 1380 1139 eas
1395 1089 1496 1140 tamen
1518 1082 1726 1155 brevissimas,
1748 1088 1777 1145 et

52 1168 85 1223 οι
101 1166 183 1221 Deus
202 1170 376 1224 nosternon
394 1167 578 1225 voluntatem
596 1174 728 1225 nostram
746 1167 802 1225 sibi
824 1169 894 1228 vetit
945 1169 1054 1241 raptim
1069 1169 1298 1242 quodammodo
1319 1172 1480 1244 jaculatas,
1496 1188 1533 1229 ne
1552 1172 1604 1231 illa
1618 1172 1776 1245 vigilanter

52 1251 256 1323 innotescere,
266 1271 357 1328 quam
366 1271 427 1313 non
436 1256 893 1330 potestignorsre;sedexerceri
946 1263 1054 1325 erecta,
1074 1275 1142 1332 quse
1157 1262 1254 1317 oranti
1276 1260 1439 1334 plurimum
1460 1263 1631 1319 necessario
1645 1265 1698 1333 est,
1722 1277 1777 1336 per

52 1342 89 1401 itt
100 1342 290 1401 orationibus
302 1344 485 1402 desiderium
500 1350 722 1419 nostrumque
736 1347 892 1418 possimus
945 1346 1151 1419 productiores
1166 1364 1267 1405 moras
1286 1353 1448 1407 evanescat
1463 1355 1553 1423 atquc
1563 1350 1719 1407 hebetetur
1729 1350 1776 1407 iu·

50 1446 166 1504 capere
180 1432 263 1507 qnod
276 1442 426 1506 praeparat
441 1434 523 1492 dara.
538 1434 610 1491 illud
627 1435 707 1493 enirn
723 1435 811 1494 vaide
827 1452 893 1493 ma·
945 1436 1100 1492 tentione
1115 1452 1168 1509 per
1182 1436 1239 1494 hoc
1252 1438 1341 1495 etiam
1357 1438 1414 1511 ipsi
1429 1439 1500 1495 satis
1511 1438 1683 1505 ostendunt,
1696 1437 1776 1499 banc

50 1535 153 1595 pum
167 1524 220 1592 ast,
235 1521 356 1578 aeduos
372 1523 411 1580 ad
425 1521 607 1596 capiendum
620 1523 704 1595 parvi
724 1528 752 1581 et
771 1518 892 1595 angusti
945 1523 1146 1591 intentionem,
1163 1527 1239 1583 sicut
1253 1532 1369 1584 nonest
1382 1527 1592 1594 obtundenda,
1616 1528 1640 1585 si
1662 1527 1773 1600 perdu·

54 1624 178 1666 sumus.
193 1610 358 1668 ideonobis
369 1610 476 1668 dicitur
492 1630 498 1669 :
515 1612 694 1670 Dilutamini
703 1629 716 1680 ,·
727 1612 893 1684 neritisju·
945 1629 1011 1671 rare
1031 1628 1091 1669 uon
1109 1620 1212 1687 potest,
1230 1616 1269 1672 ita
1284 1616 1308 1671 si
1325 1616 1541 1688 perduraverit,
1562 1631 1624 1672 non
1639 1617 1697 1674 cito
1709 1632 1775 1675 asse

51 1713 132 1770 qum
146 1698 284 1757 ducentes
303 1715 369 1758 cnm
388 1701 560 1770 infidelibus
581 1700 615 1773 (tt
633 1703 701 1758 Cor.
717 1718 757 1768 rr,
780 1703 822 1768 to,
835 1701 889 1773 tc).

50 1788 153 1845 Tanto
166 1788 280 1861 quippe
295 1788 367 1845 illud
380 1790 463 1862 quod
479 1790 564 1847 vaide
578 1807 722 1861 magnum
738 1794 791 1858 εει,
808 1791 892 1864 quod

52 1876 319 1949 necoculusridit,
332 1879 404 1952 quia
414 1884 526 1936 nonest
537 1880 622 1936 color
635 1881 795 1948 ,neoauris
808 1879 891 1937 audi-

53 1964 112 2033 vit,
127 1966 267 2038 quianon
281 1971 326 2023 est
338 1983 449 2034 sonus;
464 1984 519 2024 nec
534 1969 562 2023 in
578 1983 630 2024 cor
645 1969 776 2024 hominis
788 1984 891 2025 ascen·

53 2053 102 2111 dit
115 2056 140 2127 (t
156 2054 225 2112 Cor.
238 2072 270 2126 ιι,
286 2057 326 2125 9),
338 2057 411 2129 quia
423 2073 474 2113 cor
496 2057 628 2114 hominis
647 2057 717 2113 illuc
736 2056 825 2114 dehet
844 2074 891 2115 as·

49 2142 194 2210 candere,
210 2161 367 2202 sumemus
383 2146 536 2217 capacius,
551 2152 665 2218 quanto
682 2146 711 2203 id
730 2149 759 2203 ει
773 2146 891 2203 fidelius

48 2231 216 2300 credimus,
231 2237 261 2291 et
272 2249 431 2308 speramus
443 2234 569 2300 firmius,
583 2240 612 2291 et
626 2235 833 2292 desideramus
846 2251 891 2292 ar·

48 2318 185 2378 dontius.

87 2410 208 2469 CAPUT
232 2412 282 2469 tx.
309 2442 344 2455 -
373 2413 415 2469 ta.
440 2413 471 2468 lu
493 2415 559 2487 ipsa
583 2428 655 2487 ergo
674 2412 754 2470 finde
777 2429 831 2487 spe
862 2417 891 2473 et

48 2499 196 2559 charitate
228 2500 402 2560 continuato
433 2502 581 2559 desiderio
614 2518 732 2576 semper
760 2518 888 2564 oramus.

49 2589 109 2647 Sed
122 2589 191 2647 ideo
201 2605 254 2662 per
266 2594 347 2648 certa
357 2590 511 2648 intervalla
521 2592 664 2649 horarum
677 2596 705 2648 ει
719 2598 889 2664 temporum

50 2678 251 2737 etiamverbis
267 2694 413 2752 rogamus
426 2683 532 2745 Deum,
554 2686 585 2752 nt
604 2681 659 2738 iliis
675 2698 772 2738 rerum
794 2680 889 2753 signis

52 2782 108 2827 noa
123 2768 209 2841 ipsos
227 2768 461 2841 admoneamus,
472 2777 686 2845 quantumque
700 2772 730 2828 in
744 2772 802 2828 hoc
812 2771 890 2828 desi·

56 2855 134 2917 detio
143 2859 359 2932 profecerimus
370 2859 458 2917 nobis
471 2860 547 2932 ipsis
562 2862 802 2929 innotescamus,
813 2860 888 2918 etad

10 2990 12 2995 .
58 2944 293 3019 hocangendum
308 2964 363 3005 nos
374 2949 455 3022 ipsos
467 2950 565 3006 acrius
575 2950 752 3007 excitemus.
770 2950 889 3021 Dignior

62 3035 131 3093 utu
143 3041 284 3109 sequetur
304 3036 438 3103 effectus,
456 3053 548 3111 quem
564 3039 723 3095 ferventior
740 3039 881 3111 praecedit

944 1702 1156 1774 rumpendam.
1173 1703 1258 1761 nbstt
1280 1705 1360 1761 enim
1375 1704 1415 1762 ah
1429 1705 1565 1763 oratione
1584 1704 1678 1763 multa
1690 1704 1774 1763 locu·

946 1790 995 1855 tio,
1008 1791 1060 1846 sed
1074 1807 1135 1848 non
1149 1790 1226 1849 desit
1245 1792 1339 1850 multa
1350 1794 1493 1867 precatio,
1508 1794 1531 1851 si
1547 1792 1664 1851 fervens
1675 1808 1774 1865 perae·

944 1883 1028 1934 verat
1042 1879 1176 1935 intentio.
1193 1883 1268 1938 Nam
1290 1881 1417 1938 multum
1438 1880 1532 1954 loqui,
1549 1888 1592 1937 est
1607 1882 1637 1937 iu
1657 1882 1774 1939 orando

943 1982 1007 2025 rem
1028 1968 1229 2025 necessariam
1242 1968 1402 2042 superfluis
1423 1984 1511 2039 agere
1525 1969 1634 2027 verbis.
1651 1969 1773 2028 hiultum

944 2062 1044 2113 atttem
1062 2057 1187 2129 precari,
1211 2063 1257 2114 est
1275 2058 1315 2114 ad
1331 2074 1400 2113 eum
1421 2074 1511 2130 quem
1529 2073 1698 2131 precamur,
1709 2058 1774 2115 diu·

944 2150 1033 2202 turna
1046 2151 1073 2202 et
1097 2146 1144 2212 pia
1159 2146 1259 2204 cordis
1283 2146 1457 2204 excitatione
1473 2146 1602 2220 pulsare.
1618 2150 1692 2203 Nam
1712 2146 1773 2220 ple·

942 2249 1071 2307 rumque
1084 2234 1141 2291 hoc
1164 2236 1317 2307 negotium
1338 2236 1405 2309 plus
1420 2235 1581 2307 gemitibus
1603 2251 1697 2309 quam
1713 2252 1772 2293 ser·

942 2323 1085 2381 monibus
1101 2325 1208 2396 agitur,
1225 2325 1291 2397 ptus
1305 2323 1378 2382 fletu
1391 2341 1484 2398 quam
1505 2324 1609 2383 affatu.
1624 2326 1707 2383 Ponit
1720 2341 1772 2383 au·

943 2418 1002 2470 ιειιι
1018 2413 1169 2487 lacrymas
1191 2419 1307 2471 nostras
1322 2415 1353 2471 in
1368 2419 1531 2488 conspectu
1547 2431 1613 2481 suo,
1631 2419 1661 2471 et
1679 2415 1771 2486 gemi-

943 2506 990 2559 tus
1004 2509 1105 2558 noster
1115 2507 1228 2559 nonest
1242 2503 1438 2559 absconditus
1447 2501 1486 2559 ab
1495 2518 1531 2560 eo
1544 2504 1595 2575 qui
1606 2503 1710 2561 omnia
1718 2518 1770 2577 pet·

941 2589 1071 2647 Verbum
1079 2590 1225 2659 condidit,
1241 2594 1271 2647 et
1284 2591 1419 2648 humana
1435 2592 1527 2649 rerba
1543 2608 1604 2649 non
1616 2593 1732 2665 quaerit.

978 2680 1091 2737 CAPUT
1111 2680 1154 2737 itt.
1174 2710 1210 2723 -
1228 2680 1273 2737 at.
1290 2680 1380 2737 Nobis
1399 2697 1470 2755 ergo
1486 2681 1579 2738 verba
1596 2682 1769 2740 necessaria

941 2774 1021 2835 sunt,
1043 2768 1154 2839 quibus
1168 2785 1417 2827 commoneamur
1431 2775 1459 2827 ει
1474 2769 1674 2843 inspiciamus
1695 2770 1768 2845 quid

940 2862 1088 2931 petamus,
1103 2858 1283 2930 nonqnibns
1295 2859 1456 2915 Dominum
1471 2875 1522 2915 seu
1532 2858 1702 2918 docendum
1715 2876 1769 2917 seu

940 2945 1123 3004 flectendum
1147 2962 1214 3003 esse
1239 2946 1408 3004 credamus.
1439 2950 1511 3005 Cum
1536 2962 1607 3018 ergo
1626 2948 1766 3015 dicimus,

940 3035 1153 3105 Sanctificetur
1165 3050 1271 3093 conten
1289 3044 1386 3103 tuum,
1399 3051 1455 3092 nos
1469 3037 1551 3111 ipsos
1566 3036 1768 3094 admonemus

940 3124 1110 3182 desiderare
1133 3130 1164 3182 ut
1186 3140 1297 3181 nomen
1319 3125 1384 3197 eius
1399 3125 1481 3198 quod
1498 3140 1617 3199 semper
1632 3131 1767 3183 sanctum

940 3220 994 3281 εει,
1009 3215 1098 3271 ειιειιι
1123 3213 1205 3287 apud
1229 3214 1367 3271 homines
1383 3219 1522 3271 sanctum
1538 3213 1693 3282 habeatur,
1709 3215 1767 3273 hoc

64 3122 186 3183 affectus.
201 3127 244 3183 bo
254 3141 306 3199 per
317 3126 375 3183 hoc
388 3132 416 3183 et
428 3126 511 3199 quod
524 3127 568 3185 ait
580 3127 750 3198 apostotus,
761 3127 829 3185 Sine
841 3129 886 3185 in·

10 3262 12 3273 .
67 3214 237 3275 tarmissioue
253 3215 370 3289 ornte(t
397 3216 497 3273 Ttese.
514 3232 542 3282 v,
566 3216 623 3289 tt),
646 3216 717 3289 quid
742 3222 788 3274 est
808 3217 887 3274 atiud

10 3336 18 3377 ι
69 3315 157 3373 tum,
170 3306 291 3361 Beatam
304 3304 407 3376 vitam,
419 3321 487 3377 quse
499 3304 585 3362 nulla
595 3306 650 3362 nisi
663 3310 772 3362 {eterna
784 3311 837 3377 εει,
848 3307 888 3364 ah

10 3426 18 3463 ,
71 3392 237 3466 toquieam
261 3394 344 3451 solus
366 3394 439 3451 dara
461 3400 578 3467 potest,
595 3396 659 3452 sine
669 3396 887 3453 intermissione

10 3512 19 3553 ,
72 3477 219 3541 &uidesne
229 3484 244 3540 ι
256 3486 380 3556 Semper
394 3500 466 3555 ergo
478 3484 558 3541 hauc
568 3502 586 3542 a
598 3485 725 3542 Domino
737 3488 796 3541 Deo
809 3485 886 3543 desi-

10 3596 19 3641 ,
72 3566 377 3639 connecteremus
393 3589 521 3646 semper.
544 3573 600 3632 Sed
617 3573 686 3630 ideo
704 3574 743 3631 ab
755 3575 820 3631 aliis
835 3592 886 3633 cu·

72 3656 195 3734 iraque
215 3661 355 3731 negotiis,
376 3662 484 3735 quibus
496 3664 596 3735 ipsum
620 3663 801 3721 desiderium
813 3680 887 3736 quo·
939 3665 1050 3728 umus,
1072 3668 1103 3717 ut
1118 3662 1204 3718 nobis
1227 3662 1336 3727 veniat,
1361 3668 1452 3734 atque
1470 3676 1525 3717 nos
1540 3661 1571 3716 iu
1592 3677 1627 3717 eo
1640 3675 1767 3732 regnare

10 3772 19 3819 q
73 3744 219 3809 mnodo
228 3751 361 3824 tepescit,
375 3752 462 3808 certis
472 3752 555 3809 horis
565 3753 603 3809 ad
615 3752 768 3824 negotium
778 3754 885 3815 orandi
938 3765 1120 3806 mereamur.
1138 3749 1211 3806 Cum
1233 3749 1372 3815 dicimus,
1388 3750 1455 3807 Fiat
1470 3750 1606 3806 uoluntas
1623 3757 1677 3807 tua
1691 3749 1766 3807 sicut

10 3858 19 3909 q
74 3840 182 3901 mntem
194 3855 377 3906 revocamus,
393 3840 494 3897 verbis
506 3841 652 3899 orationis
666 3857 722 3899 nos
735 3841 818 3914 ipsos
833 3842 888 3898 ad·
937 3840 969 3895 in
976 3840 1049 3896 coelo
1055 3844 1082 3895 et
1093 3840 1124 3894 in
1131 3836 1359 3907 terro,nobisah
1366 3837 1593 3910 ittoprecamuri
1598 3852 1685 3910 psam
1692 3838 1765 3895 obe·

10 3948 19 3999 4
74 3927 288 3985 nonnusinid
299 3927 570 4000 quoddesiramus,
581 3929 747 3995 intendere,
759 3930 885 4002 nequod
938 3927 1093 3992 dientiam,
1109 3931 1141 3983 ut
1152 3926 1226 3983 sica
1245 3925 1334 3983 nobis
1351 3926 1404 3983 fiat
1416 3926 1554 3984 voluntas
1568 3927 1643 3999 ejus,
1660 3940 1764 4000 quem·

10 4048 19 4087 ,
75 4014 203 4085 hpescere
225 4022 368 4089 coeperat,
397 4016 523 4073 omnino
545 4017 693 4088 frigescat,
715 4022 744 4074 et
766 4019 884 4090 penitus
938 4017 1104 4073 admodum
1119 4015 1153 4072 fit
1166 4015 1195 4071 in
1216 4015 1387 4073 coeiestibus
1409 4016 1445 4072 ab
1461 4016 1579 4088 Angelis
1594 4016 1671 4089 ejus.
1691 4015 1765 4072 Cum

14 4124 17 4129 ·
74 4103 270 4177 ιιιιιιιςιιειιιι,
291 4106 350 4162 nisi
374 4106 507 4163 crebrius
522 4106 737 4165 inflammetur.
761 4107 886 4164 Undeot
937 4106 1076 4179 dicimus,
1086 4106 1195 4164 Panem
1207 4113 1341 4161 nostrum
1350 4104 1556 4177 quotidianum
1565 4105 1605 4163 dc
1618 4104 1704 4163 nodis
1716 4104 1767 4162 do-

10 4224 17 4261 Ι
74 4186 128 4249 itud
141 4194 223 4268 quod
239 4193 320 4252 idem
339 4195 493 4267 apostolus
514 4195 566 4262 ait,
591 4197 807 4253 Postutntiones
822 4212 884 4253 nes·
936 4195 1003 4266 die,
1015 4194 1195 4267 peridquod
1207 4192 1418 4259 diciturhodic,
1436 4192 1766 4265 significaturboetem·

10 4318 17 4347 ,
74 4282 313 4343 caremtenam
328 4285 411 4354 opud
433 4285 525 4342 Deum
540 4285 691 4356 (Philipp.
713 4302 753 4355 ιι,
770 4285 808 4359 6),
822 4301 881 4343 non
935 4299 1009 4359 pore
1025 4283 1076 4340 ubi
1094 4282 1139 4339 rel
1159 4282 1243 4339 illam
1259 4281 1469 4339 sufficientiam
1492 4282 1765 4353 petimus‚aparta

9 4403 17 4443 ι
73 4366 328 4446 &accipiendum
354 4378 410 4440 est,
433 4378 576 4445 tanquam
600 4377 658 4431 Deo
680 4374 881 4446 innotescant,
935 4388 1005 4447 quus
1019 4371 1142 4437 excellit,
1156 4369 1187 4427 id
1202 4375 1248 4427 est
1261 4369 1383 4427 nomine
1394 4369 1481 4441 panis
1492 4374 1584 4426 totam
1595 4368 1765 4439 significan·

10 4492 16 4533 t
72 4458 747 4536 inimetantequamessentutiqucnoverat,
770 4461 883 4521 seduc·
936 4467 1000 4530 tes;
1018 4460 1063 4517 vel
1083 4460 1310 4518 Sacramentum
1324 4456 1764 4531 fidetium‚quodinhoctem-

10 4586 15 4623 ,
73 4540 108 4605 iis
117 4547 303 4609 innotescant
316 4550 399 4625 apud
422 4550 516 4608 Deum
536 4567 589 4624 per
607 4551 798 4621 tolerantiam,
820 4568 882 4609 non
935 4565 1018 4625 pore,
1034 4548 1237 4605 necessarium
1250 4551 1302 4613 est,
1319 4552 1492 4603 nontamen
1505 4545 1764 4619 adhuiustempo·

10 4674 15 4713 ,
73 4637 137 4708 ψει
149 4638 290 4697 ιιοιιιιιιεε
310 4655 364 4712 per
374 4640 562 4713 jactantiam.
577 4641 635 4697 Aut
648 4640 722 4698 torte
736 4642 825 4697 etiam
839 4641 883 4699 in·
935 4636 1179 4706 ris,sedadiltam
1188 4634 1509 4693 aeternamielieitatem
1526 4634 1762 4708 assequendam.

10 4752 15 4803 ι,
73 4730 210 4787 runcant
221 4729 341 4803 Angelis
349 4729 476 4803 quisunt
484 4729 566 4802 apud
581 4732 683 4797 Deum,
694 4731 883 4803 utquodam-
935 4729 1009 4786 Cum
1019 4725 1286 4792 dicimus,Dimitte
1297 4722 1379 4781 nobis
1395 4722 1495 4783 debito
1507 4726 1611 4783 nostru
1621 4723 1697 4783 sicut
1708 4739 1764 4783 not

10 4854 16 4893 ,
74 4816 744 4887 mmsssonsraotuscudentscousutant,
761 4819 882 4892 etquod
934 4817 1107 4874 dimittimus
1129 4814 1311 4872 debitoribus
1330 4813 1449 4879 nostris,
1474 4829 1530 4872 nos
1561 4813 1763 4873 admonemus

73 4904 489 4981 tojuhsnteimplcudumesse
502 4911 705 4980 cognoverint,
713 4909 882 4981 sicutopor·
934 4913 964 4964 at
976 4905 1206 4980 quidpetamus,
1218 4908 1246 4960 et
1257 4903 1330 4978 quid
1340 4903 1500 4976 iaciamus,
1514 4908 1546 4960 ut
1561 4904 1695 4976 accipere
1703 4916 1763 4960 mc·

72 4992 162 5057 trebi
177 4997 450 5069 cognoverint,itoc
463 4998 603 5056 nobisrel
614 5000 766 5056 evidenter
781 4998 828 5055 rel
839 4998 881 5055 ia·
934 5010 1064 5054 reamur.
1081 4997 1155 5053 Cum
1168 4994 1306 5068 dicimus,
1326 4993 1373 5052 Ne
1384 5010 1434 5050 nos
1447 4994 1564 5065 inseror
1578 4992 1609 5049 in
1626 4991 1763 5049 tentatio·

10 5122 17 5159 ,
72 5083 147 5143 taur
160 5091 321 5159 apportent
334 5086 424 5145 :dixit
439 5087 519 5144 enim
541 5088 666 5160 angelus
680 5087 796 5145 homini
817 5106 824 5143 ε
841 5088 881 5145 Et
934 5101 1011 5154 cern,
1025 5101 1079 5141 nos
1094 5083 1296 5142 admonemus
1315 5083 1373 5140 hoc
1396 5088 1557 5155 paterano
1572 5080 1681 5137 deserti
1696 5079 1762 5151 ejus

67 5176 881 5250 mquandooradcetnetscro,eqoobtuttorationem
934 5168 1759 5248 adjutorioalicuitentationivelconsentiamusdecepti,

66 5266 180 5323 εεειειειε
198 5265 231 5323 in
245 5273 405 5336 conspecta
425 5266 575 5325 siccitatis
589 5266 644 5324 Dei
656 5266 740 5338 (Tot.
756 5269 880 5339 xu,12).
934 5259 1670 5327 vetcedamusstntcti.condicimustibcrencso
1679 5259 1761 5317 moto

93 5353 202 5413 catut
213 5356 245 5413 tt.
256 5384 291 5397 ·-
303 5356 343 5411 19.
355 5356 505 5421 Quacum
514 5356 555 5413 ita
565 5356 634 5424 sint,
648 5355 738 5413 etiam
750 5371 819 5411 cum
829 5356 881 5412 diu
934 5355 1052 5427 (notit.
1061 5352 1459 5427 r1,9·tit)‚nosadmonamns
1467 5348 1606 5421 cogitare,
1620 5347 1760 5407 nondum

58 5444 343 5511 numismatum
357 5460 427 5501 cum
437 5445 496 5502 aiia
506 5443 652 5502 bonarum
664 5451 692 5501 et
702 5446 881 5502 necessaria·
934 5459 990 5500 nos
1002 5459 1067 5499 esse
1078 5443 1108 5499 in
1121 5458 1157 5499 eo
1171 5443 1253 5499 bono
1268 5439 1317 5496 ubi
1331 5437 1446 5495 nullum
1470 5437 1618 5511 patiemur
1632 5436 1758 5495 malum.

10 5570 13 5627 5
56 5548 121 5593 runt
134 5533 882 5606 actionumuonimpediunturoiticia,quamuiset
934 5526 1759 5604 Ethocquidemultimumquodindominicaoratione

10 5634 13 5687 t
53 5622 149 5693 tusis,
172 5628 206 5683 ut
216 5623 291 5693 dixi,
306 5623 455 5691 desiderio
466 5624 516 5683 ilio
531 5639 652 5698 semper
671 5623 822 5683 orandum
832 5624 878 5693 sit,
933 5622 1067 5697 positum
1081 5626 1137 5691 est,
1147 5625 1209 5681 tam
1221 5619 1281 5678 tate
1293 5622 1423 5691 potsunt
1432 5617 1525 5677 homo
1535 5617 1715 5677 christianus
1727 5617 1759 5675 in

940 3312 983 3362 est
997 3320 1059 3362 uon
1071 3308 1280 3362 contemnatur
1295 3320 1302 3371 3
1319 3303 1402 3375 quod
1415 3318 1477 3360 non
1492 3303 1564 3369 Deo,
1576 3303 1629 3360 sed
1639 3303 1767 3361 homini·

939 3393 997 3451 hus
1012 3393 1144 3466 prodest.
1161 3396 1194 3449 Et
1205 3393 1235 3449 in
1258 3408 1294 3450 eo
1308 3393 1392 3467 qnod
1406 3393 1538 3461 dicimus,
1551 3393 1700 3452 Adueniet
1723 3409 1767 3451 re-

938 3499 1031 3556 gnum
1040 3488 1134 3549 tunm,
1146 3482 1228 3555 quod
1242 3499 1294 3539 seu
1304 3481 1438 3549 velimus,
1449 3479 1652 3551 sennclimus,
1664 3483 1766 3557 utiquc

939 3573 1046 3640 veniet,
1062 3572 1245 3630 desiderium
1260 3577 1396 3630 nostrum
1408 3573 1445 3630 ad
1460 3571 1531 3629 titud
1548 3587 1673 3644 regnum
1690 3573 1767 3631 exci-
