3952 6128
212 180 266 241 623
853 184 885 241 S.
905 176 1097 244 sucusrtltt
1117 180 1275 243 EPISCOPI
1863 180 1920 243 dil

210 308 490 368 incommutabilem
506 311 535 367 et
550 308 769 382 incorporalem
784 311 921 384 spiritum
931 311 1043 385 ubique
1093 311 1266 383 episcopus,
1295 308 1557 383 quemadmodum
1587 306 1682 367 lueret
1713 309 1851 381 dignum,
1877 325 1926 367 oo·

210 402 306 456 totum
321 415 385 455 esse
400 397 537 466 credens,
570 399 593 454 si
615 404 730 456 tantam
756 400 917 473 quisquam
943 406 1041 457 mute·
1093 399 1187 470 gitavi
1202 415 1209 455 :
1226 399 1283 456 boc
1299 414 1360 456 non
1375 398 1515 469 delendo,
1527 399 1580 456 sed
1590 399 1788 471 reprehcud03
1797 397 1854 456 boc
1865 414 1928 457 non

208 488 321 544 tionem
334 487 426 559 hujus
441 487 574 561 corporis
587 488 719 546 futuram
735 493 829 562 putat,
844 505 914 547 cum
924 505 959 546 ex
974 490 1041 546 ani·
1092 503 1214 554 excuso,
1231 489 1284 545 sed
1300 504 1421 555 accuso,
1437 488 1620 560 ignoscatur,
1643 493 1729 562 pet0;
1753 488 1930 545 recordetur

209 575 281 631 mali
296 575 382 632 luerit
396 576 560 649 spirituale,
577 582 608 634 ut
623 577 712 634 etiam
726 578 927 635 substantiam
941 578 1040 635 incor-
1092 582 1227 634 nostram
1242 577 1433 634 dilectionem
1447 577 1618 649 pristinam,
1632 583 1661 633 et
1678 577 1873 633 obliviscatur
1887 576 1928 633 oi-

207 664 353 736 poralem,
370 681 430 722 non
450 668 586 722 locorum
602 667 764 724 intervallis
780 667 825 724 vel
846 667 949 742 spatiis
963 667 1040 722 divi·
1091 664 1257 722 sensionem
1272 667 1497 724 novaml'aciat
1508 673 1585 723 certe
1597 665 1678 738 quod
1689 682 1736 723 me
1748 681 1809 723 non
1822 665 1927 722 iecisse

207 752 479 819 sibilem,veletiam
488 756 1039 814 membrorumlineamentisacfinibus
1091 755 1275 827 succensuit;
1288 755 1398 812 habeut
1411 756 1562 812 lenitatem
1571 756 1601 811 iu
1613 756 1714 811 denda
1723 755 1820 817 venia,
1831 770 1924 828 quam

206 842 1038 918 terminatam,sedubiquetotam,pertnlecorpusvidere
1090 858 1146 913 ego
1159 859 1221 900 nou
1236 844 1328 900 lrabui
1343 845 1373 900 iu
1389 844 1439 901 illa
1464 844 1589 916 epistola
1616 844 1846 902 conscribenda.
1864 846 1925 901 lloc

206 933 380 1006 possimus;
398 933 466 990 volo
481 940 513 990 ut
526 949 575 990 me
587 934 704 1000 doceat,
727 935 750 990 si
770 950 876 991 verum
900 934 996 1007 sapit:
1014 934 1038 989 si
1089 949 1143 1006 per
1154 933 1732 1006 tuamcharitatemrogo.quodpraesens
1744 939 1922 1006 praesentem

205 1027 307 1079 autem
323 1022 351 1078 in
367 1023 425 1079 hoc
444 1023 555 1079 falsum
570 1025 667 1091 sentit,
683 1024 772 1094 longe
793 1023 976 1081 tolerabilius
993 1029 1039 1080 est
1088 1037 1194 1093 rogare
1213 1024 1378 1088 volueram,
1395 1022 1419 1077 si
1434 1023 1499 1094 ejus
1522 1022 1664 1080 haberem
1686 1023 1818 1095 copiam.
1834 1022 1923 1089 Quod

205 1111 324 1184 corpori
342 1111 456 1184 aliquid
472 1127 624 1182 arrogare,
638 1128 729 1186 quam
748 1114 808 1170 Deo
826 1113 982 1184 derogare.
1006 1114 1038 1169 Et
1089 1125 1157 1168 cum
1173 1116 1299 1168 conatus
1311 1127 1420 1181 essem,
1433 1111 1579 1168 scribente
1593 1112 1711 1167 adeum
1722 1112 1787 1168 viro
1798 1127 1923 1168 venera·

204 1199 229 1255 si
242 1216 313 1256 vera
324 1205 369 1257 est
380 1200 437 1257 ista
450 1202 605 1267 sententia,
626 1217 688 1258 non
707 1202 761 1259 crit
779 1202 928 1259 contraria
941 1201 1037 1257 verbis
1087 1199 1150 1268 bill,
1163 1200 1310 1272 nobisque
1323 1200 1465 1257 omuibus
1477 1201 1591 1257 honore
1612 1201 1809 1271 praelerendo,
1819 1201 1921 1258 venire

205 1289 290 1355 meis,
310 1306 377 1364 quac
393 1291 423 1346 iu
452 1289 503 1347 illa
527 1292 654 1364 epistola
677 1294 774 1365 posui.
799 1292 885 1348 Istius
905 1306 1037 1364 natuque
1088 1289 1194 1356 noluit,
1210 1290 1313 1345 dolum
1329 1289 1449 1346 forsitan
1465 1291 1494 1345 in
1510 1305 1590 1356 eum,
1607 1290 1684 1346 sicut
1699 1289 1843 1363 pleraque
1867 1289 1924 1347 bu·

203 1380 1034 1451 corporisoculosdivinonvisurosDeum;bocintuens‚
1088 1394 1181 1434 mana
1193 1386 1271 1443 sunt,
1285 1383 1433 1451 quantum
1454 1379 1602 1443 existimo,
1623 1379 1809 1451 suspicatus3
1826 1395 1844 1436 a
1860 1395 1923 1452 quo

201 1468 286 1541 quod
301 1468 387 1524 istius
399 1469 532 1541 corporis
543 1469 622 1526 oculi
633 1471 824 1526 omninonon
837 1474 964 1541 possunt
975 1485 1036 1524 cer·
1087 1484 1136 1523 me
1148 1468 1237 1538 longe
1248 1467 1364 1533 abesse,
1375 1473 1404 1523 tu
1415 1467 1455 1523 illi
1466 1467 1512 1524 lac
1522 1467 1613 1523 fidem
1625 1472 1751 1542 quatum
1763 1474 1860 1541 potes,
1869 1469 1921 1541 qui

202 1572 273 1613 nere
286 1557 345 1615 nisi
359 1573 486 1629 corpora
500 1573 567 1630 quac
583 1558 622 1614 ab
636 1560 677 1614 eis
692 1558 794 1630 aliquo
810 1559 866 1614 loci
879 1557 1035 1615 intervallo
1088 1555 1553 1629 praeseusiaciliuspotes.ludica
1565 1558 1590 1612 ei
1605 1573 1673 1613 cum
1685 1563 1775 1630 qanto
1785 1561 1813 1613 et
1824 1573 1921 1630 quam

203 1651 343 1718 separata
357 1652 445 1702 sunt:
460 1662 531 1702 nem
546 1646 570 1701 si
585 1647 701 1702 nullum
717 1647 907 1704 intervallum
918 1647 964 1713 sit,
981 1662 1036 1703 nec
1087 1645 1270 1702 verodolore
1285 1645 1321 1702 de
1335 1645 1500 1702 offensione
1515 1647 1607 1703 anirni
1624 1647 1689 1718 ejus
1700 1652 1797 1702 tecum
1812 1646 1922 1703 luerim

202 1733 270 1807 ipsa
288 1749 416 1806 corpora
431 1750 484 1807 per
498 1750 551 1791 eos
564 1735 709 1791 videmus.
1086 1735 1260 1791 collocutus.
1281 1734 1400 1791 Noverit
1418 1751 1511 1807 quam
1536 1751 1597 1791 non
1623 1751 1693 1792 eum
1713 1741 1920 1803 contemnam,

199 1916 300 1969 nostra
315 1928 443 1983 corpora
457 1912 665 1978 mutabuntur,
675 1912 814 1969 utoculos
830 1913 973 1979 habeant,
982 1929 1035 1985 per
1085 1918 1224 1969 nostrum
1237 1914 1268 1969 in
1283 1914 1369 1984 cujus
1382 1930 1505 1986 corpore
1516 1913 1621 1970 iratres
1631 1931 1745 1969 sumus.
1758 1915 1802 1971 Ad
1814 1915 1918 1972 locum

198 2015 276 2073 quus
293 2000 427 2057 videatur
440 1999 489 2056 illa
500 2000 666 2057 substantia
678 2016 747 2072 quar
761 2016 822 2056 non
834 2017 886 2073 per
897 2000 1034 2058 locorum
1084 2004 1189 2075 inquo
1203 2002 1328 2069 habitat,
1340 2003 1408 2060 ideo
1424 2004 1497 2059 mihi
1518 2005 1620 2076 putavi
1636 2020 1695 2061 uon
1709 2020 1777 2061 esse
1791 2004 1920 2063 venien-

200 2089 299 2163 spatia
311 2089 357 2145 vel
370 2089 548 2145 diffunditur
559 2092 605 2145 vel
615 2089 726 2160 linitur,
738 2089 933 2146 elibihabens
943 2090 1033 2146 aliam
1085 2092 1169 2157 dum,
1181 2107 1218 2147 ne
1232 2091 1437 2162 spectaculum
1449 2091 1617 2148 laceremus
1629 2093 1788 2150 ridendum
1798 2093 1917 2162 alienis,

198 2185 325 2252 purtem,
339 2178 409 2237 alibi
425 2178 526 2248 uliam,
546 2180 576 2235 in
592 2180 707 2236 minore
728 2179 795 2236 loeo
823 2180 981 2248 minorem,
1003 2179 1033 2236 iu
1085 2179 1918 2253 nostrisdolendum‚nobispudendumpertuamsano-

199 2268 314 2340 majore
329 2268 487 2340 majorem,
514 2267 568 2324 sed
591 2268 703 2341 ubique
723 2267 948 2340 incorporaliter
972 2273 1032 2325 totu
1086 2271 1196 2327 litatem
1211 2274 1240 2325 et
1259 2269 1436 2326 charitatem
1452 2273 1547 2326 totum
1574 2274 1652 2326 recte
1666 2271 1716 2341 agi
1732 2277 1854 2344 potest:
1876 2274 1918 2330 ab

198 2361 263 2426 est;
279 2356 368 2428 longe
383 2357 465 2413 aliud
480 2361 567 2413 erunt
581 2356 646 2413 haec
660 2372 799 2427 corpora,
815 2363 842 2413 et
862 2373 924 2414 non
946 2362 1033 2414 erunt
1084 2358 1135 2416 illo
1153 2358 1266 2432 quippe
1281 2358 1389 2428 agitur,
1405 2359 1456 2431 qui
1473 2359 1630 2429 perfidem
1652 2376 1738 2417 suam
1753 2361 1919 2420 habitatin

200 2445 1032 2519 ipsa;necsoladetractamortalitateatquecorruptione
1084 2449 1238 2505 cordetuo
1255 2465 1262 2514 ;
1277 2463 1368 2520 quem
1390 2447 1479 2504 credo
1498 2449 1581 2520 quod
1608 2463 1669 2506 nou
1685 2451 1797 2523 speruit
1817 2450 1849 2507 in
1876 2457 1917 2520 te,

196 2534 372 2607 etponderis
387 2533 720 2604 gravitatealiuderunt,
728 2534 818 2591 sedin
835 2535 973 2592 virtutem
987 2534 1033 2607 ip·
1087 2552 1156 2593 cum
1172 2536 1311 2606 agnoscit
1326 2536 1356 2592 in
1371 2552 1413 2592 se.

196 2624 259 2680 sius
274 2623 382 2680 mentis
396 2622 626 2695 quodammodo
645 2627 864 2689 convertentur,
886 2624 912 2679 si
930 2623 1031 2680 videre
1120 2626 1148 2681 5.
1169 2627 1230 2696 Ego
1238 2630 1314 2681 certe
1322 2625 1349 2680 in
1358 2624 1414 2680 huc
1423 2626 1593 2698 causaquid
1601 2626 1917 2687 meliusiaceremnon

195 2718 335 2786 poterunt
348 2712 503 2786 quomodo
516 2717 587 2769 tunc
597 2712 700 2776 menti,
715 2727 796 2768 nunc
806 2717 907 2769 autem
922 2728 977 2770 nee
989 2714 1033 2785 ip·
1084 2713 1196 2778 inveni,
1210 2712 1464 2785 quamutveniam
1474 2719 1604 2784 peterem
1614 2713 1918 2789 alratre,quilaesum

196 2803 221 2859 si
236 2802 329 2859 menti
339 2802 437 2858 videre
463 2816 640 2859 concessum
665 2807 718 2858 est.
749 2802 777 2858 Si
802 2802 883 2858 enim
908 2803 1030 2858 mutatis
1085 2803 1286 2859 selitlerarum
1299 2803 1918 2877 mearumasperitnteconquestusest.Fa-

195 2890 332 2948 moribus
350 2890 477 2948 dicimus
496 2890 650 2947 hominem
670 2905 732 2947 non
756 2906 822 2947 esse
848 2889 901 2962 qui
922 2889 985 2956 luit,
1006 2887 1030 2945 si
1084 2890 1411 2963 cieletipse‚utspero,
1425 2891 1506 2963 quod
1519 2892 1919 2964 sibiimperarinovitabeo

194 2980 326 3053 denique
339 2981 461 3037 mutatis
477 2980 615 3036 aetatibus
640 2979 741 3053 ipsum
766 2995 875 3052 corpus
899 2979 1029 3035 dicimus
1081 2979 1133 3053 qui
1148 2995 1199 3053 per
1217 2979 1394 3052 Apostolum
1409 2979 1536 3052 loquens
1564 2981 1627 3037 ait:
1656 2983 1806 3041 donantes
1822 2985 1919 3043 cobu-

194 3083 256 3127 uon
271 3070 431 3144 essequod
447 3068 503 3126 luit
514 3085 521 3124 :
533 3074 647 3142 quanto
662 3069 758 3138 magis
773 3067 874 3140 ipsum
890 3084 951 3125 nou
964 3069 1027 3136 erit,
1081 3071 1220 3139 metipsis,
1229 3070 1254 3126 si
1267 3071 1329 3142 quis
1338 3069 1482 3127 aduersus
1496 3071 1626 3142 aliquem
1643 3072 1732 3130 tabet
1745 3076 1916 3146 querelem,

195 3162 277 3216 tante
291 3159 487 3215 conversione
501 3162 659 3221 mutatum,
674 3161 779 3213 utnon
793 3156 893 3213 solum
907 3158 1028 3213 immor·
1080 3159 1193 3216 sicelet
1208 3159 1323 3216 Deusta
1335 3158 1588 3216 Cbrtstodoncoit
1600 3161 1915 3237 uobufflclosaurfltt).

194 3247 290 3305 taliter
300 3247 388 3316 vivat,
406 3263 509 3303 verum
522 3246 611 3303 etiem
622 3245 801 3302 invisibilem
815 3246 915 3303 videat
927 3245 941 3301 l
952 3248 1026 3313 Oua·
1079 3246 1183 3304 Estote
1197 3263 1264 3319 eruo
1276 3246 1441 3304 imitatores
1452 3248 1513 3313 Dei,
1527 3248 1603 3305 sieut
1617 3250 1917 3321 filildilectlestml,et

195 3340 317 3409 propter
326 3335 350 3391 si
362 3335 619 3404 videbuntDeum,
631 3350 691 3391 nou
700 3334 785 3390 istius
796 3335 932 3406 corporis
947 3335 1026 3391 oculi
1080 3337 1231 3395 ambulate
1243 3337 1276 3392 ia
1292 3336 1447 3402 ctoritate,
1463 3339 1573 3394 eleuter
1590 3338 1724 3397 Christos
1739 3342 1850 3400 dilexit
1860 3359 1917 3401 reos

194 3425 360 3494 videbunt;
376 3425 448 3497 quia
463 3429 491 3480 et
505 3423 536 3480 in
549 3424 606 3480 hoc
631 3439 691 3480 non
718 3423 772 3479 erit
788 3424 888 3496 ipsum
915 3440 1025 3497 corpus
1079 3425 1917 3502 (lipt.v,t,2).lnhaccharitateambulanles,siquiddili·

194 3529 290 3585 usque
304 3514 335 3569 in
350 3514 433 3570 illem
444 3513 503 3569 viru
514 3513 738 3584 potentiamque
751 3517 910 3569 mutatum:
923 3519 951 3569 et
964 3529 1025 3570 non
1078 3515 1195 3585 gentius
1205 3529 1377 3587 possumus,
1391 3513 1580 3586 despirituell
1596 3520 1811 3590 corporequod
1827 3521 1858 3578 in
1868 3537 1916 3579 re·

193 3607 237 3659 est
251 3602 400 3659 contrarie
411 3601 470 3658 ista
480 3601 581 3675 opinio
597 3600 657 3657 illis
671 3601 771 3657 verbis
787 3601 919 3674 epistolas
939 3618 1023 3659 mese.
1078 3603 1263 3660 surrectione
1278 3602 1469 3669 habebimus,
1489 3605 1677 3662 concorditer
1692 3607 1886 3681 inquiramus
1903 3627 1910 3667 :

194 3689 224 3747 Si
237 3696 338 3747 aulem
349 3692 495 3748 hactenus
508 3692 633 3747 nouerit
645 3690 840 3763 ipsum,quia
853 3706 934 3746 nunc
948 3707 1025 3748 mor·
1077 3691 1291 3765 quiaetsiquid
1300 3691 1915 3770 alitersapimus,hocquoquenobislleus

194 3778 263 3845 tale,
279 3784 350 3836 lunc
373 3779 560 3850 immortele;
583 3794 664 3835 nunc
679 3794 850 3850 aggravans
877 3779 1021 3849 animam,
1075 3781 1228 3847 revelabit,
1250 3781 1273 3836 si
1285 3780 1317 3836 iu
1328 3780 1378 3838 illo
1387 3797 1567 3839 maneamus
1581 3784 1725 3856 (Philipp.
1739 3801 1781 3852 iu,
1796 3793 1841 3856 te,
1857 3790 1914 3862 td).

194 3867 669 3941 tuncnullopondereadomnem
676 3874 787 3925 motum
797 3867 1023 3925 eritlacillimum
1077 3871 1132 3937 Oui
1146 3875 1246 3926 autem
1254 3870 1549 3938 manetincharitate,
1562 3872 1661 3929 inlleo
1674 3879 1785 3942 menet,
1794 3877 1914 3936 etlleus

197 3957 567 4029 advidcndaveroeuquar
579 3957 715 4013 locorum
729 3956 835 4029 spoliis
847 3957 1023 4014 intervallis·
1077 3960 1107 4016 iu
1118 3960 1167 4016 illo
1178 3963 1280 4016 manet
1290 3974 1297 4014 ε
1306 3959 1604 4032 quialleuscheritus
1614 3969 1658 4019 est
1667 3963 1690 4034 (l
1700 3964 1788 4022 locu.
1799 3968 1890 4041 vnto)
1902 3986 1910 4036 ;

189 4045 1023 4118 quecernuntur‚sin0neliudquamipsumerit,substen-
1075 4050 1136 4106 slve
1149 4054 1293 4121 tunquam
1304 4047 1370 4119 ejus
1384 4047 1451 4104 lons
1462 4048 1650 4108 ineffabiliter
1660 4052 1831 4121 existendo,
1846 4058 1911 4115 sire

191 4134 265 4190 tiam
283 4133 502 4206 incorporalem
518 4139 545 4190 et
564 4134 677 4206 ubique
707 4141 801 4191 tutem
832 4133 914 4192 nullo
939 4137 1021 4192 modi
1074 4138 1155 4195 illam
1172 4137 1259 4194 nobis
1274 4153 1327 4210 per
1338 4137 1482 4210 Spiritum
1498 4155 1587 4195 suum
1603 4139 1769 4212 largiendo.
1787 4145 1820 4202 Si
1834 4161 1911 4219 ergo

197 4221 319 4280 videbit.
338 4224 405 4279 Sive
419 4239 490 4294 ergo
505 4222 640 4291 boc‚sive
654 4223 727 4278 illud
742 4239 846 4281 verum
861 4225 1021 4292 sit,secun·
1074 4227 1174 4285 doceri
1186 4232 1281 4299 potest
1293 4227 1376 4299 quod
1389 4226 1518 4284 charitas
1527 4229 1733 4302 corporalibus
1743 4233 1843 4292 oculis
1855 4236 1911 4294 ali-

190 4311 263 4368 dum
276 4312 1021 4386 utrumqueverumestquodistiuscorporisoculi
1073 4317 1197 4390 quando
1219 4315 1368 4372 videbitur
1385 4333 1391 4384 ;
1407 4319 1512 4385 poterit
1539 4317 1674 4376 fortassis
1698 4326 1729 4378 et
1741 4321 1849 4382 Deus:
1882 4328 1909 4386 si

188 4402 281 4458 [terrm
297 4416 357 4457 nou
370 4400 524 4457 videbunt.
540 4402 596 4457 Aut
609 4400 690 4457 enim
703 4401 787 4457 istius
803 4407 900 4473 eruut,
918 4409 1018 4460 elnon
1073 4410 1175 4461 autem
1201 4405 1256 4460 lsta
1287 4419 1445 4476 nunquam
1461 4406 1566 4476 poterit
1581 4425 1588 4475 ;
1602 4408 1698 4466 multo
1714 4411 1818 4470 minus
1839 4416 1909 4490 ipse

186 4489 351 4547 videbunt:
366 4495 491 4547 autnon
508 4494 595 4546 erunt
608 4490 708 4556 istius,
722 4490 746 4546 si
768 4490 928 4558 videbunt3
945 4508 1020 4564 quo·
1072 4493 1140 4551 lons
1165 4494 1242 4566 ejus,
1264 4492 1310 4548 vel
1335 4493 1359 4548 si
1371 4493 1444 4565 quid
1460 4494 1520 4550 dici
1539 4496 1732 4556 excellentius
1747 4508 1775 4557 et
1790 4520 1906 4564 conve·

185 4579 269 4637 uiam
283 4584 365 4637 tante
383 4580 621 4637 commutatione
638 4579 726 4652 longe
746 4578 868 4637 alterius
887 4582 1020 4653 corporis
1073 4583 1202 4639 nientius
1214 4584 1251 4637 ele
1267 4584 1350 4637 tenta
1362 4597 1394 4638 re
1406 4588 1511 4655 potest.

184 4674 280 4726 erunt.
1108 4672 1228 4729 CAPUT.
1244 4671 1266 4726 ll
1279 4702 1312 4711 -
1322 4669 1349 4725 6.
1364 4671 1591 4744 llaguiquidam
1603 4676 1689 4735 viriet
1697 4678 1728 4735 in
1737 4679 1904 4755 Scripturis

219 4756 247 4813 t.
268 4756 326 4814 Sed
340 4760 463 4830 paratus
477 4773 554 4825 sum,
568 4757 592 4813 si
607 4757 680 4831 quid
691 4758 835 4815 debuere
846 4756 954 4815 melius
966 4773 1019 4815 no·
1072 4760 1183 4817 sanctis
1193 4759 1368 4823 doctissimi,
1377 4761 1428 4833 qui
1439 4759 1603 4833 plurimum
1610 4763 1773 4825 Ecclesiam
1781 4772 1905 4833 etbona

183 4846 224 4904 vit
238 4846 287 4903 hie
299 4845 399 4911 irater,
414 4846 462 4902 vel
477 4846 606 4919 abipso,
620 4846 667 4903 vel
681 4846 721 4904 ab
735 4845 785 4905 illo
799 4863 818 4903 a
831 4862 893 4920 quo
903 4846 1016 4914 didicit,
1071 4849 1171 4905 studia
1181 4848 1314 4905 fidelium
1325 4848 1494 4906 suislitteris
1504 4840 1750 4923 adjuverunt,ubi
1760 4858 1805 4915 eis
1817 4876 1905 4921 occe-

182 4935 308 4992 discere·
324 4933 407 5001 Quod
422 4935 445 4990 si
465 4934 619 4991 irridenter
633 4935 775 5002 dicerem,
789 4935 880 4992 etiem
894 4934 966 4991 illud
979 4936 1016 4993 de
1070 4937 1194 4995 sicdata
1204 4944 1257 5003 est,
1270 4938 1409 4995 dixerunt
1418 4937 1600 4999 invisibilem
1610 4944 1702 5001 Deum
1711 4946 1905 5009 invisibiliter

181 5025 242 5083 Deo
256 5024 403 5098 corporali
413 5023 618 5096 membrisque
631 5038 684 5097 per
692 5023 761 5080 loca
773 5025 927 5096 divisibili,
938 5024 1017 5082 dice·
1068 5026 1902 5112 videri;hocestpereamnaturamquminnobisquoque

182 5119 396 5187 recuperatum
410 5129 459 5169 rne
469 5129 537 5169 esse
550 5112 663 5170 discere
678 5112 777 5185 :quod
788 5129 849 5170 non
858 5113 935 5183 dico,
947 5114 1015 5186 quis
1068 5114 1902 5186 invisibilisest,mundascilicctmeutevelcorde.Beatus

182 5218 243 5260 non
257 5203 413 5260 irridenter
423 5203 541 5276 loquor,
554 5207 581 5258 et
594 5201 682 5259 telem
696 5202 790 5259 Deum
804 5218 864 5259 uon
876 5218 941 5258 esse
953 5218 1014 5258 om·
1067 5204 1246 5261 Ambrosius
1269 5203 1307 5260 de
1322 5202 1440 5260 Christo
1456 5220 1525 5261 curn
1545 5212 1656 5279 egeret,
1682 5218 1854 5273 secundum
1867 5217 1901 5275 id

179 5292 251 5349 nino
266 5308 326 5349 uon
340 5292 473 5362 ambigo,
488 5297 517 5348 et
531 5307 568 5347 ne
582 5291 647 5348 telis
662 5307 727 5348 esse
742 5290 1012 5363 crederetur,illarn
1067 5293 1150 5366 quod
1165 5292 1295 5349 Verbum
1310 5298 1365 5361 est,
1380 5293 1534 5353 Nonenim
1549 5300 1772 5374 corporalibus,
1784 5303 1896 5378 inquit,

179 5380 336 5451 epistolam
347 5381 505 5454 scripsilu
515 5397 577 5453 qua
588 5381 807 5437 dumessemin
818 5380 1013 5438 admonendo
1066 5382 1118 5439 sed
1127 5381 1524 5453 spiritualibusoculislesas
1538 5385 1706 5445 metuant
1717 5391 1899 5467 paulopost,

180 5466 332 5537 sollicitus,
352 5486 445 5542 quum
466 5470 640 5526 nominibus
663 5468 758 5527 tacitis
781 5469 960 5541 conscripsi,
981 5470 1012 5528 in
1064 5472 1206 5529 Noneuor
1223 5471 1807 5547 videronr,inquit,tucst;abacorum
1818 5485 1896 5543 eninr

179 5555 369 5626 corripiendo
384 5558 494 5614 nimius
509 5563 597 5631 etque
612 5557 800 5631 improvidus
815 5556 868 5626 lui,
883 5574 937 5615 nec
951 5558 1013 5616 tre·
1064 5561 1279 5630 eratissipiens
1290 5575 1342 5616 cor
1359 5575 1460 5618 eorum
1472 5562 1547 5635 (Lib.
1567 5564 1620 5623 tt'rt
1630 5566 1700 5624 Luc.
1712 5566 1748 5629 tl:
1760 5571 1833 5631 binc
1847 5588 1896 5633 os·

178 5651 298 5706 ternam
313 5650 342 5701 et
360 5645 563 5719 episcopalem
583 5663 743 5721 personam
771 5648 846 5707 sicut
865 5647 957 5706 trater
982 5654 1012 5707 et
1064 5649 1189 5708 tendens
1205 5649 1284 5705 unde
1295 5650 1440 5708 videatur.
1455 5650 1528 5711 ltem
1538 5653 1654 5713 cumde
1664 5662 1772 5718 sancto
1782 5661 1896 5738 Spiritu
