3952 6128
120 140 199 245 aas
776 188 1260 251 arismmaoucnsssrsur.
1546 218 1549 223 >
1807 198 1863 255 ase

143 314 190 368 ter
204 314 319 370 natura
331 312 456 387 quidem
470 313 553 373 bona
564 316 681 385 creatis,
698 317 752 375 sed
771 321 894 390 propter
902 316 976 374 sitia
1015 317 1128 387 gratia
1142 317 1206 376 dari
1224 320 1326 394 possit,
1339 322 1484 380 nonnulla
1498 324 1666 396 praecedere
1682 324 1789 383 merita
1801 325 1859 383 bu‘

141 401 292 474 supplicio
306 402 475 473 destinatis,
488 404 686 478 iniquitatem,
704 406 975 481 quamrcctissimo
1028 409 1857 486 menaconleudunt,nesitpersonarumacceptorileusi

142 490 251 547 veritas
264 491 426 562 improbat,
442 492 589 551 damnare
598 495 681 552 novit
694 495 772 568 ipse,
788 510 847 552 non
865 495 971 551 iacere.
1027 495 1666 573 quatanderutricineritaprceeesserunttsi
1677 503 1855 560 eorumdem

142 578 225 635 Siout
236 579 317 635 enim
328 579 471 637 voluntati
484 582 548 653 ejus
558 582 695 640 tribuitur
707 585 840 641 humanu
854 590 971 653 natura,
1027 584 1854 664 cogitaverisparvulorum,nullasuntpropria,utrisque

142 666 226 723 nullo
240 667 397 726 dubitante
423 670 576 728 laudanda
592 689 600 739 ;
614 673 656 728 sic
680 673 811 729 bominis
827 672 971 730 voluntati
1026 676 1070 728 est
1085 671 1136 729 illa
1147 688 1248 731 massa
1263 679 1453 733 communis:
1470 678 1495 734 si
1513 683 1672 751 parentum
1680 679 1853 745 attenderis,

141 755 233 829 culpa
249 756 397 825 tribuitur,
419 759 502 816 nullo
519 766 675 818 recusante
689 761 876 819 damnanda.
900 762 971 827 Qun
1026 759 1108 818 bona
1122 762 1385 837 suntillaquorum
1397 766 1449 822 tilii
1461 768 1623 837 repentinis
1635 768 1854 825 mortibussine

139 843 280 901 voluutas
301 847 432 903 bominis
446 853 498 905 aut
514 848 736 906 hereditarium
754 850 858 906 vitium
873 853 972 907 traus—
1025 848 1131 907 Christi
1146 849 1326 924 baptismate
1340 855 1510 927 perierunt;
1526 856 1605 912 mala
1621 872 1691 913 vero
1713 855 1764 912 itta
1779 871 1854 928 quo·

140 933 223 991 misit
234 935 264 991 iu
279 940 426 1007 posteros,
439 952 517 1010 quos
530 939 560 993 in
575 953 606 995 se
622 938 806 996 habuitcum
817 942 971 1012 peccaret;
1024 951 1092 993 rum
1103 938 1155 995 lilii
1168 956 1220 1012 per
1230 940 1467 1000 Christianorum
1479 943 1612 1017 aliquam
1624 948 1802 1015 potestatem
1811 944 1851 1000 ad

139 1025 194 1077 aut
218 1023 376 1096 acquisivit
389 1026 478 1082 etiarn
495 1030 601 1083 catera
622 1027 789 1095 vitianum
814 1029 844 1083 in
869 1028 970 1100 seipso
1024 1027 1216 1086 Sacramenta
1229 1031 1852 1105 Ecclesiaeperveneruntssttameu¹provi·

137 1112 598 1186 unusquisquaperditeviveret.
608 1116 664 1173 Sed
674 1132 771 1190 neque
781 1118 818 1173 ab
831 1115 969 1190 illoquod
1023 1115 1123 1172 dentia
1137 1117 1198 1184 Dei,
1214 1120 1262 1176 cui
1288 1122 1381 1178 nostri
1395 1121 1494 1193 capilli
1509 1123 1659 1178 numerati
1679 1126 1759 1188 sunt,
1786 1121 1852 1181 sine

140 1198 324 1269 originaliter
340 1201 475 1269 trahitur,
490 1218 587 1276 neque
602 1204 641 1261 ab
656 1204 702 1261 his
721 1220 789 1277 qum
805 1205 971 1278 unusquis·
1023 1206 1267 1277 cujusvoluutate
1280 1210 1430 1267 noncadit
1440 1211 1849 1283 passerinterramlliattlu,

138 1300 200 1360 que
216 1290 245 1344 in
267 1288 327 1347 vita
342 1293 465 1364 propria
479 1291 527 1349 vel
542 1309 602 1349 nou
616 1296 626 1330 ¹
643 1293 837 1364 intelligendo
850 1293 895 1350 rei
914 1308 969 1351 no·
1023 1294 1067 1359 29,
1078 1295 1134 1367 ³0),
1147 1311 1215 1368 quas
1227 1313 1281 1353 uec
1292 1298 1354 1356 lato
1362 1301 1517 1371 premitur,
1529 1315 1584 1356 nec
1592 1299 1720 1356 fortuitis
1730 1300 1851 1356 casibus

138 1373 230 1434 leudo
249 1378 422 1451 intelligere,
440 1381 522 1438 mala
545 1387 719 1453 congregat,
736 1383 781 1439 vel
795 1383 885 1440 etiam
907 1383 968 1438 ius·
1023 1382 1195 1454 impeditur,
1210 1387 1714 1460 neoullainiquitatecorrumpitur,
1730 1393 1851 1446 utreua·

137 1470 254 1523 tructus
263 1482 298 1524 ex
313 1469 388 1542 lege,
400 1470 608 1528 additamento
618 1471 872 1544 praevaricationis
880 1486 971 1543 exag·
1022 1473 1189 1529 scanturad
1202 1474 1640 1543 haredimtemcoelestem,uon
1653 1477 1849 1534 cousulitom·

140 1561 236 1626 gerat,
252 1558 416 1632 quisquam
430 1559 574 1618 liberatur
588 1566 616 1618 et
627 1560 818 1633 justificatur,
837 1560 893 1617 nisi
905 1576 971 1632 gra·
1021 1559 1851 1634 uibusparvulisilliorumsuorum,etuounulisconsulit

140 1642 181 1700 tia
197 1645 247 1701 liei
263 1649 430 1718 pertesum
445 1649 595 1707 Christum
618 1650 780 1706 Dominum
807 1655 967 1722 nostrum;
1021 1648 1112 1704 etiam
1126 1650 1259 1720 parvulis
1273 1651 1445 1723 impiorum.
1463 1656 1517 1709 iste
1537 1652 1636 1709 iulans
1655 1652 1694 1709 de
1710 1652 1849 1709 fidelibus

136 1734 307 1791 nouaclum
320 1738 499 1794 remissione
512 1738 859 1811 peccatorumsedprius
874 1739 968 1813 ipsius
1021 1736 1288 1808 conjugatiscrtus,
1297 1739 1850 1814 lutitiaparentumsusceptus,;matris

135 1819 332 1894 inspiratione
346 1825 415 1882 ildei
428 1831 457 1884 et
472 1827 587 1884 timoris
603 1826 663 1892 liei,
679 1827 831 1900 impartito
843 1828 969 1886 salubri·
1020 1816 1197 1883 velnut'ricis
1205 1828 1405 1885 somnolentia
1417 1828 1583 1886 suffocatus
1592 1828 1624 1885 fit
1632 1829 1790 1886 extorriset
1801 1844 1850 1886 er·

134 1913 179 1966 ter
191 1912 334 1969 orationis
348 1913 456 1971 affectu
472 1920 500 1971 et
514 1914 636 1983 effectu,
652 1915 749 1972 donec
767 1922 852 1973 sanet
863 1932 969 1975 omnes
1021 1929 1090 1988 pers
1103 1913 1174 1971 ildei
1186 1931 1312 1972 suorum
1326 1932 1333 1972 :
1348 1916 1396 1973 ille
1409 1916 1510 1975 iulans
1524 1918 1562 1974 de
1581 1918 1728 1988 sacrilego
1744 1923 1848 1990 stupro

133 1996 297 2070 languores
305 2008 435 2069 nostros,
450 2008 477 2061 et
490 2003 666 2061 redimatda
676 2006 969 2077 corruptioueritam
1021 2003 1849 2078 nascitur,crudetitimorematrisexponitur,alienorum

135 2094 282 2160 nostram,
296 2098 324 2148 et
338 2099 461 2151 coronet
475 2109 530 2151 nos
544 2093 575 2150 in
597 2094 788 2152 miseratione
802 2094 897 2168 (Psoi.
917 2111 965 2166 cu,
1021 2090 1206 2147 misericordi
1219 2093 1325 2164 pietate
1336 2093 1494 2165 colligitur,
1508 2109 1613 2152 eorum
1623 2093 1850 2151 christianasol·

135 2178 166 2244 a,
182 2179 224 2252 i).
1020 2177 1174 2236 licitudiue
1187 2179 1364 2252 baptisatur,
1373 2181 1405 2239 iit
1417 2183 1650 2240 ateruiconsors
1660 2187 1689 2240 et
1701 2183 1849 2256 particeps

169 2267 284 2326 CAPUT
297 2268 357 2327 Vll.
379 2302 412 2314 -
433 2275 478 2330 ³¹.
503 2272 618 2329 Verum
635 2272 685 2329 isti
699 2273 752 2346 qut
768 2287 967 2345 personarum
1020 2268 1114 2340 regni.
1129 2269 1188 2325 ista
1202 2269 1342 2340 cogitem,
1355 2270 1414 2328 ista
1427 2270 1626 2337 considerent,
1641 2271 1689 2327 bic
1716 2271 1850 2328 audeant

133 2358 393 2429 acceptoremfieri
406 2360 700 2429 existimantium,
711 2361 967 2419 siinunaeadem·
1021 2358 1119 2414 dicere
1131 2359 1224 2414 ileum
1237 2357 1281 2415 rel
1291 2364 1481 2430 acceptorem
1494 2360 1586 2416 insua
1599 2361 1695 2430 gratia
1705 2375 1848 2432 persona·

132 2448 968 2523 quaeausasuperatiosvcuiatmisericordiaeJus,super
1020 2445 1848 2521 rum,relremuneratorempraecedentiummeritorum.

133 2532 210 2591 alios
221 2550 291 2592 vero
306 2542 426 2594 maneat
440 2539 485 2594 ira
499 2539 575 2610 ejus,
592 2544 779 2610 nempetotas
790 2540 868 2595 vires
879 2554 967 2611 argu·
1055 2534 1099 2593 33.
1115 2537 1191 2592 Nam
1205 2537 1259 2592 etsi
1280 2536 1471 2593 conabuntur
1496 2536 1621 2609 majoris
1636 2536 1731 2594 atatis
1746 2536 1849 2610 aliqua

134 2623 329 2681 mentationis
340 2625 483 2683 humanm
496 2627 528 2682 iu
539 2627 674 2701 parvulis
688 2628 829 2701 perdunt.
844 2627 918 2685 Nam
935 2633 967 2685 ut
1018 2623 1122 2681 merita
1137 2625 1283 2696 suspicari
1299 2640 1350 2681 seu
1366 2624 1446 2681 bona
1462 2640 1516 2682 seu
1532 2625 1621 2690 mala,
1643 2625 1769 2698 quidde
1784 2626 1848 2682 istis

134 2710 255 2770 interim
284 2718 399 2771 taceam
425 2717 507 2789 quod
530 2721 651 2772 nonest
680 2720 787 2789 prater
811 2716 965 2788 parvulos,
1018 2712 1183 2769 infantibus
1196 2713 1306 2779 dicent,
1322 2729 1454 2786 quorum
1470 2728 1525 2769 uec
1544 2714 1599 2770 isle
1620 2715 1677 2770 sibi
1699 2715 1765 2770 ullis
1781 2730 1849 2786 pro·

133 2800 303 2873 quamlibet
316 2809 451 2860 materno
468 2808 550 2860 utero
569 2805 802 2869 recentissimos,
824 2820 861 2861 ea
875 2820 966 2876 poeua
1018 2801 1090 2873 priis
1107 2801 1313 2858 meritismalis
1326 2802 1423 2875 potuit
1435 2803 1589 2875 acquirere
1606 2802 1779 2860 violentiam
1789 2803 1848 2859 sut·

134 2889 176 2945 de
187 2905 250 2963 qua
263 2890 391 2963 loquens
407 2893 623 2963 apostotnsait,
638 2895 693 2949 Per
705 2894 788 2949 seius
797 2893 965 2949 deliciamur
1018 2890 1155 2956 incautis,
1179 2905 1233 2946 uec
1249 2891 1337 2946 bouis
1363 2890 1411 2947 ille
1436 2889 1622 2962 diligentiam
1639 2890 1847 2964 baptizantis?

132 2994 224 3035 omnes
238 2980 357 3036 domines
370 2980 681 3053 &condemnationem
697 2982 844 3039 undeuon
857 2982 965 3039 liberat
1018 2979 1121 3035 Nimiae
1134 2980 1272 3036 vanitatis
1284 2982 1313 3035 et
1327 2978 1467 3035 cecitatis
1476 2984 1557 3044 sunt,
1571 2979 1595 3034 si
1611 2981 1701 3036 etiam
1716 2981 1763 3035 his
1777 2995 1847 3037 cou-

134 3068 193 3125 nisi
206 3083 284 3126 unus
298 3069 354 3137 ille,
372 3069 409 3125 de
424 3085 486 3142 quo
501 3070 581 3126 idem
596 3071 648 3137 ait,
660 3072 719 3127 Per·
737 3074 818 3126 unias
826 3071 964 3143 justifico·
1018 3067 1153 3123 sideratis
1168 3067 1305 3123 nondum
1319 3066 1844 3139 dignanturexclamarenobiscum:

134 3154 236 3212 tionem
251 3157 377 3213 inomaes
389 3157 507 3214 marines
518 3158 781 3231 adjustificcticasm
796 3161 961 3232 vitellium.
1017 3155 1165 3213 Ocititado
1175 3155 1339 3212 divitiorem
1353 3155 1496 3228 sapientia
1506 3161 1532 3210 et
1545 3156 1666 3211 scicntia
1681 3156 1731 3211 Dei
1743 3155 1749 3210 l
1759 3156 1844 3222 Quem

132 3258 162 3313 v,
180 3245 221 3315 till
235 3260 242 3300 ε
258 3252 289 3301 ut
303 3261 374 3318 ergo
384 3249 442 3303 hoc
456 3247 575 3304 iuterim
590 3250 738 3315 omittam,
752 3254 781 3305 et
791 3248 849 3305 hoc
862 3249 962 3306 solum
1016 3246 1286 3302 immobilissima
1309 3246 1420 3318 judicio
1443 3248 1511 3316 ejas,
1526 3253 1551 3301 et
1567 3246 1767 3317 investigabiles
1791 3247 1843 3303 ciae

131 3338 171 3390 de
183 3334 314 3407 parvulis
330 3335 440 3401 dicam,
456 3337 539 3409 quod
567 3336 626 3409 ipsi
650 3354 771 3411 quoque
786 3339 961 3396 auctoritate
1014 3339 1072 3407 ejas
1085 3335 1172 3407 (item.
1188 3351 1228 3400 ιι,
1239 3335 1303 3408 33)1
1317 3339 1380 3392 Non
1392 3335 1495 3407 itaque
1507 3334 1720 3391 misericordias
1733 3335 1843 3405 gratui-

130 3422 307 3495 arangelica
322 3425 421 3492 territi,
437 3424 481 3480 vel
496 3426 594 3498 potius
609 3426 842 3483 christianorum
864 3443 960 3500 popu·
1015 3431 1051 3481 tas
1065 3425 1115 3481 Dei
1130 3424 1369 3497 pertinacissima
1381 3423 1578 3480 adversentur
1592 3423 1719 3481 insania.
1737 3423 1842 3480 Sinant

129 3512 229 3570 lorum
243 3514 799 3586 concordissimaildei¹conspiratione
809 3516 959 3587 pertracti,
1015 3511 1841 3586 Filiumiromiuisinqualibetoetatequoerere,etsalvum

131 3604 196 3660 stne
211 3600 272 3658 ulla
287 3604 476 3660 recusatione
490 3603 669 3670 concedunt,
683 3605 765 3678 quod
779 3605 879 3661 nultus
894 3620 961 3678 par·
1013 3602 1111 3659 lacere
1125 3602 1208 3675 quod
1221 3603 1349 3674 perierat
1358 3602 1438 3672 (Lac.
1452 3617 1512 3667 ιιι,
1527 3601 1573 3672 40)
1587 3620 1594 3661 :
1609 3616 1664 3658 nec
1679 3601 1716 3658 de
1728 3602 1843 3659 inscru-

131 3691 229 3755 rulus,
242 3692 297 3747 uisi
311 3695 433 3748 renatus
446 3708 481 3748 ex
494 3709 574 3766 aqua
588 3700 616 3750 et
632 3694 751 3764 Spiritu,
765 3696 854 3752 intrat
869 3695 898 3751 in
914 3711 961 3751 re-
1013 3690 1153 3749 tabilibus
1165 3690 1286 3762 judiciis
1297 3691 1362 3761 ejus
1373 3691 1505 3747 audeant
1513 3690 1659 3763 judicare,
1675 3707 1729 3747 cur
1739 3692 1769 3750 in
1779 3705 1841 3749 una

130 3792 226 3850 gnum
241 3779 386 3836 coelorum
401 3780 599 3854 (Joaa.1ir,e);
615 3797 707 3854 quam
723 3798 829 3854 quaeso
841 3783 959 3841 allaturi
1011 3781 1180 3854 eademque
1193 3794 1288 3837 causa
1302 3795 1392 3852 super
1411 3779 1504 3836 alium
1519 3779 1618 3836 reniet
1633 3779 1840 3837 misericordia

128 3874 201 3926 sunt
212 3883 347 3936 causam,
363 3869 446 3942 quod
464 3869 542 3926 ullus
558 3871 600 3926 sic
615 3869 800 3942 gubernatur
815 3876 847 3928 ut
860 3871 960 3944 bapti·
1012 3869 1088 3942 ejus,
1105 3884 1195 3938 super
1204 3868 1295 3925 alium
1310 3868 1486 3924 maneatira
1501 3868 1576 3938 eJus.

128 3956 290 4015 satushiuc
300 3961 395 4024 exeat,
406 3958 483 4015 alius
493 3958 661 4015 infidelium
669 3959 810 4016 manibus
819 3960 956 4028 traditus,
1047 3958 1161 4017 CAPUT
1171 3958 1331 4014 itii-34.
1349 3957 1404 4023 Qui
1417 3956 1497 4013 euim
1511 3960 1582 4013 suut
1591 3955 1637 4011 isti
1650 3955 1702 4029 qui
1714 3970 1839 4028 respon·

128 4045 178 4104 sel
191 4045 281 4104 eliam
293 4046 427 4103 tidelium
442 4047 619 4120 priusquam
646 4046 741 4104 abeis
759 4048 958 4120 baptizandus
1009 4046 1102 4104 deaut
1117 4049 1187 4114 Dec,
1212 4044 1462 4119 quandoquidem
1490 4044 1540 4102 rtle
1555 4044 1696 4102 Rebecca
1710 4044 1836 4103 habenti

128 4134 283 4206 offeratur,
298 4134 454 4209 exspirat?
465 4136 574 4193 Auhoc
590 4135 662 4203 lato,
672 4136 851 4194 veliortunra
861 4138 956 4197 daturi
1009 4137 1146 4207 geminos
1162 4151 1198 4192 ex
1210 4150 1271 4192 uuo
1285 4135 1536 4193 concubituIsaac
1547 4136 1639 4207 patris
1653 4135 1837 4201 neutricum

129 4228 201 4281 sunt
214 4224 230 4277 ‘t
243 4227 306 4281 Non
320 4225 430 4296 opinor
442 4239 495 4280 eos
509 4224 538 4280 in
554 4230 667 4281 tautam
683 4223 867 4283 dementiam
887 4241 957 4300 pro-
1009 4226 1050 4283 illi
1064 4225 1200 4282 nondum
1223 4224 1286 4281 nati
1300 4224 1373 4281 nihil
1397 4224 1529 4295 egissent
1544 4224 1616 4281 boui
1630 4224 1677 4281 vel
1707 4225 1789 4291 mali,
1805 4228 1837 4282 ut

128 4316 284 4386 rupturos,
304 4312 616 4386 quantulumcumque
637 4328 747 4370 nomeu
759 4314 955 4373 christianum
1008 4314 1177 4371 secundum
1204 4313 1381 4371 electionem
1406 4313 1595 4385 propositum
1610 4312 1674 4385 ejus
1689 4318 1835 4384 maneret,

129 4405 232 4459 tenere
246 4403 410 4475 cupientes.
1008 4402 1183 4459 electionem
1199 4402 1309 4458 scilicet
1322 4403 1435 4474 gratim,
1456 4416 1515 4457 uon
1538 4400 1642 4470 debiti,
1658 4400 1835 4460 electionem

164 4491 212 4547 32.
228 4491 285 4546 Cur
297 4505 369 4561 ergo
382 4490 412 4546 iu
432 4505 559 4562 reguum
586 4490 741 4561 colorum,
757 4505 817 4548 nou
833 4499 955 4566 accepto
1008 4507 1069 4564 qua
1083 4490 1237 4561 eligendos
1253 4489 1406 4561 iacitipse,
1418 4504 1479 4545 non
1494 4487 1625 4553 iuvenit;
1643 4503 1705 4544 non
1717 4505 1753 4544 ex
1763 4504 1835 4561 ope·

128 4580 365 4650 regenerationis
378 4579 508 4645 lavacro,
539 4579 679 4652 parvulus
695 4579 794 4635 nullus
808 4580 956 4638 intrabit?
1008 4580 1102 4648 ribus,
1115 4578 1168 4635 sed
1180 4594 1217 4635 ex
1227 4584 1352 4635 vocante
1362 4578 1441 4641 dicit
1454 4576 1563 4634 minori
1572 4576 1751 4634 serviturum
1766 4592 1833 4635 esse

127 4668 352 4741 numquidnam
364 4669 428 4741 ipse
441 4668 498 4724 sibi
507 4674 645 4741 parentes
657 4668 794 4725 infideles
808 4668 956 4741 relnegli-
1009 4669 1154 4739 majorem
1171 4667 1227 4723 ilu
1242 4682 1335 4739 quam
1350 4666 1532 4723 seutentiam
1550 4665 1658 4722 beatus
1675 4666 1835 4739 Apostolus

129 4764 244 4828 gentes,
260 4757 422 4830 dequibus
436 4762 617 4823 nasceretur,
630 4755 743 4826 elegit?
763 4757 839 4824 Quid
855 4758 954 4816 dicam
1008 4757 1099 4813 etiam
1118 4754 1324 4813 testimouium
1336 4755 1489 4826 propheta
1501 4754 1590 4825 longe
1601 4755 1773 4827 posterioris
1785 4771 1832 4813 as·

128 4845 168 4901 de
181 4846 354 4919 inopinatis,
366 4851 396 4903 at
410 4845 571 4918 repentinis
586 4844 858 4902 innumerabilibus
873 4862 955 4904 mor·
1007 4846 1145 4917 sumpsit,
1158 4843 1238 4900 Jacob
1252 4843 1430 4908 dilccidlson
1440 4851 1529 4900 eutem
1538 4843 1601 4900 odic
1611 4843 1830 4915 belailliclacb.

127 4934 219 5001 tibus,
235 4934 347 5008 quibus
363 4951 443 5007 sape
454 4935 544 4992 etiam
560 4933 768 5003 religiosorum
778 4933 955 4993 christiano-
1008 4935 1034 5003 l,
1046 4937 1074 4997 2,
1089 4935 1134 5007 3);
1155 4937 1187 4990 ut
1205 4933 1417 5004 intelligeretur
1429 4935 1485 4989 hoc
1500 4943 1638 5007 apertum
1658 4937 1764 5007 postea
1782 4948 1835 5005 per

126 5038 196 5081 rum
209 5024 469 5096 praeveniunturet
480 5024 630 5094 baptismo
638 5022 850 5095 praeripiuntur
858 5023 955 5083 inian-
1007 5024 1196 5097 prophetam,
1212 5023 1296 5095 quod
1311 5026 1474 5095 antequam
1495 5022 1537 5079 illi
1551 5027 1756 5088 nascerentur,
1771 5025 1835 5078 erat

129 5118 174 5170 tes
187 5130 195 5181 3
209 5129 278 5169 cum
294 5112 474 5169 econtrario
487 5111 702 5181 sacrilegorum
721 5117 750 5167 et
763 5111 953 5171 inimicorum
1006 5115 1038 5169 in
1052 5113 1101 5169 liei
1118 5112 1378 5184 predestinatione
1391 5127 1445 5185 per
1454 5114 1594 5183 gratiam.
1608 5110 1774 5177 Quidenim
1787 5109 1837 5167 di·

128 5201 237 5259 Christi
250 5201 353 5275 aliquo
368 5201 458 5258 modo
473 5201 504 5256 iu
522 5199 756 5257 christianorum
782 5216 892 5258 manus
906 5218 955 5259 ve-
1007 5200 1119 5271 ligcbat
1144 5200 1175 5256 iu
1189 5199 1285 5257 iacob
1299 5205 1463 5272 antequam
1479 5203 1568 5257 natus
1586 5198 1705 5255 iecisset
1720 5197 1835 5271 aliquid

128 5291 256 5360 nientes,
271 5306 307 5348 ex
322 5291 380 5347 hac
394 5290 454 5346 vita
468 5304 529 5345 nou
544 5289 608 5345 siue
623 5290 816 5346 sacramento
830 5305 955 5361 regeue·
1007 5290 1093 5363 boui,
1110 5290 1166 5346 nisi
1180 5290 1342 5361 gratuitum
1359 5288 1570 5346 misericordia
1588 5303 1650 5344 sure
1662 5285 1838 5346 donumlet

128 5378 255 5437 radonis
275 5379 426 5449 emigrent
442 5378 543 5451 ‘tquid
555 5376 605 5434 hic
628 5377 735 5434 dicturi
751 5384 833 5444 suut,
846 5379 909 5452 qui,
923 5384 956 5438 ut
1008 5378 1228 5453 quidoderatin
1240 5380 1319 5435 Esau
1333 5374 1838 5450 antequamnatuslecissetaliquid

1008 5467 1150 5532 mali,nisl
1157 5466 1303 5537 originale
1311 5466 1490 5539 peccatum?
1505 5465 1686 5539 Namneque
1698 5464 1838 5522 inillodi·

161 5540 168 5568 ¹
184 5538 214 5588 lu
227 5536 955 5611 excusisdeerathicnegatio,quamrestituimusquin·
1008 5556 1111 5628 figeret
1124 5555 1282 5628 justifiam,
1298 5570 1392 5629 quam
1408 5553 1523 5615 nullam
1539 5554 1588 5613 1110
1600 5554 1727 5627 few&
1739 5568 1839 5629 nequo

129 5615 184 5668 qua
201 5600 265 5652 lias.
284 5603 456 5655 auctoritato.

159 5663 222 5737 ’Sic
236 5677 331 5716 omnes
341 5661 417 5722 cdd,
435 5665 546 5729 excepto
562 5661 626 5713 Lov.
642 5660 689 5730 qui
698 5660 787 5719 babet,
800 5662 867 5729 peri.
1043 5664 1053 5703 ⁸
1071 5663 1101 5713 tn
1111 5662 1190 5721 aad„
1202 5667 1225 5714 ct
1236 5676 1281 5713 car
1295 5666 1388 5716 tames.
