3952 6128
89 155 160 214 toti

80 279 128 335 set
139 293 147 335 ε
157 283 280 352 propter
293 282 376 356 quod
387 282 436 354 ait,
452 286 768 361 Compeitorautcmec
777 291 912 349 duobus:

82 370 349 439 concupiscentiam
356 372 467 432 babens
475 376 628 437 discalciet
639 394 698 438 esse
707 396 774 438 cam
783 381 912 446 Christo,

83 458 178 514 mutto
192 460 285 532 inopis
295 463 437 532 optimum
447 476 459 535 ;
469 481 592 525 manere
602 473 700 528 nutem
711 470 742 528 in
753 485 853 538 carue,
864 484 913 528 ne·

83 546 241 604 cesanam
255 556 374 621 propter
388 567 435 609 uos
446 554 591 627 (Ptittpp.
608 574 626 625 i,
642 558 699 632 is).

122 653 164 710 tt).
179 653 230 710 llic
245 653 318 712 forte
330 658 398 729 quis
414 658 492 717 dicat
502 661 570 719 ideo
580 662 687 720 debere
697 665 746 721 Dei
759 663 912 722 ministros

81 738 185 810 fugere
193 741 301 799 talibus
313 744 539 805 imminentibus
548 751 645 819 malis,
653 756 721 808 utse
729 753 913 826 proutilitate

82 829 220 887 Ecclesia
229 833 816 911 temporibustranquillioribussersent.
827 844 913 899 Recte

81 917 913 1005 hocfltaquibusdam,quaudonondesuntaliiperquos

82 1007 259 1081 suppleatur
271 1011 504 1072 ecclesiasticum
512 1018 718 1085 ministerium,
726 1035 763 1077 ne
771 1020 914 1077 abomui·

82 1095 140 1154 bus
155 1097 329 1167 deseratur;
345 1103 427 1176 quod
440 1103 544 1164 fecisse
555 1107 752 1166 Athanasium
768 1125 860 1182 snpra
870 1110 913 1165 di·

83 1185 182 1243 ximus
194 1203 201 1243 :
222 1203 294 1245 nam
306 1196 661 1263 quantumnecessarium
669 1196 755 1255 fuerit
763 1198 910 1255 Ecclesia·

81 1279 911 1356 quantumqueproiuerit,quodvirillemansitinoarne,

81 1363 229 1423 catholica
244 1367 319 1424 tides
331 1371 424 1438 novit,
440 1387 509 1444 quei
524 1374 807 1433 adversusnrianos
822 1377 912 1434 hare·

713 160 966 227 EPISTOLAEUM
983 164 1133 226 cnissis·
1144 164 1195 225 tii.

1722 161 1795 223 tois

1006 293 1049 348 tt.
1066 293 1257 366 Quanquam,
1273 291 1330 350 osi
1344 290 1420 349 inter
1435 289 1485 347 Dei
1498 288 1649 346 ministros
1664 287 1735 345 inde
1757 288 1796 347 sit

966 380 1152 455 disceptatio,
1162 383 1213 455 qui
1226 397 1331 439 eorum
1347 383 1498 444 maneant,
1512 394 1549 435 ne
1563 377 1634 448 fuga
1643 377 1790 446 omnium,

967 474 995 526 et
1009 473 1060 543 qui
1071 486 1175 527 eorum
1191 471 1318 543 fugiant,
1332 485 1370 526 na
1381 474 1475 527 morte
1490 469 1626 525 omnium
1636 465 1793 523 deseratur

966 558 1115 615 Ecclesia!
1131 558 1201 617 Tale
1217 561 1330 633 qnippe
1342 562 1494 616 certamen
1506 557 1560 613 erit
1574 555 1722 622 intereos,
1739 552 1794 611 ubi

967 648 1084 721 utrique
1098 649 1232 707 ferveant
1242 650 1395 713 charitate,
1409 653 1438 704 et
1451 646 1568 719 utrique
1577 643 1713 717 placeant
1724 643 1795 701 oba·

965 736 1052 794 ritati.
1068 738 1139 805 Quoe
1153 737 1329 810 disceptatio
1342 738 1365 792 si
1380 736 1464 793 aliter
1479 751 1538 791 non
1553 733 1681 806 potuerit
1693 731 1794 789 termi-

967 826 1042 892 nari,
1058 831 1207 899 quantum
1219 826 1292 883 inibi
1305 825 1433 892 videtur,
1449 823 1501 897 qui
1527 824 1671 879 maneant
1691 824 1720 877 et
1740 819 1793 894 qul

966 912 1092 986 fugiant,
1108 920 1187 973 sorte
1201 915 1319 986 legendi
1334 919 1413 971 sunt.
1429 912 1484 979 Qui
1510 911 1590 969 enim
1612 909 1741 967 dixerint
1761 923 1794 965 ae

967 1004 1066 1076 potius
1080 1004 1182 1075 fugere
1196 1005 1315 1072 debera,
1332 1009 1384 1061 aut
1398 1001 1493 1059 timidi
1507 999 1698 1065 videbuntur,
1721 997 1794 1071 quia

966 1093 1129 1152 imminens
1149 1094 1262 1151 malum
1282 1092 1427 1150 sustinere
1440 1091 1618 1156 noluerunt;
1636 1092 1689 1146 aut
1710 1101 1795 1144 arro·
1906 1116 1909 1121 ·

967 1188 1083 1253 gentes,
1104 1184 1176 1256 quia
1188 1199 1220 1240 se
1235 1182 1332 1252 magis
1348 1181 1400 1255 qui
1416 1179 1556 1237 servandi
1566 1181 1679 1243 essent,
1692 1189 1792 1232 neces·

967 1271 1063 1328 serios
1079 1270 1215 1328 Ecclesia
1225 1270 1408 1342 judicarunt.
1425 1268 1547 1333 Deinde,
1561 1265 1694 1324 fortassis
1711 1262 1794 1336 liqui

966 1359 1103 1418 meliores
1116 1366 1196 1427 sunt,
1205 1359 1314 1431 eligent
1322 1374 1375 1432 pro
1386 1357 1527 1415 fratribus
1535 1356 1652 1413 animas
1662 1368 1772 1426 ponere
1784 1368 1793 1420 ;

82 1451 154 1510 titos
169 1469 220 1512 ore
233 1455 311 1513 illius
326 1463 354 1514 et
369 1475 472 1517 amore
483 1461 612 1521 defensa
623 1469 676 1522 σοι,
704 1464 761 1523 sed
787 1466 912 1540 quando
965 1445 1693 1521 ethiservabunturiugiendo‚quorumastminus
1709 1440 1792 1499 utilis

82 1545 127 1598 ost
139 1558 302 1603 commune
316 1547 493 1620 periculum,
508 1553 665 1627 magisque
681 1554 846 1612 timendum
867 1560 911 1612 031
965 1537 1035 1604 rita,
1047 1538 1222 1608 quiamiuoi
1232 1536 1407 1594 consulendi
1421 1542 1449 1592 et
1459 1533 1649 1633 gubernandi
1665 1531 1791 1630 peritias

81 1644 120 1687 ne
135 1632 298 1707 quisquam
312 1635 341 1691 id
357 1635 454 1696 facere
477 1640 625 1710 credatur,
651 1658 713 1700 non
732 1643 910 1701 compendi
963 1626 1017 1700 qui
1030 1632 1131 1683 tamen
1147 1627 1170 1682 si
1184 1626 1231 1698 pie
1242 1625 1372 1698 sapiunt,
1389 1623 1594 1681 contradicent
1608 1634 1737 1720 eisquos
1752 1635 1796 1675 vi·

80 1720 243 1792 voluntate,
254 1724 307 1780 sed
316 1725 422 1784 timore
434 1729 591 1802 moriendi,
604 1732 764 1806 magisque
775 1732 911 1805 fugiendi
963 1713 1035 1771 dent
1047 1719 1076 1771 et
1091 1714 1188 1771 vivere
1200 1714 1301 1787 potius
1311 1718 1459 1786 oportere,
1471 1717 1499 1769 et
1509 1710 1606 1781 magii
1615 1724 1692 1766 mori
1704 1707 1794 1810 malle

80 1808 163 1868 obsit
176 1813 323 1885 exemplo,
336 1830 429 1887 quam
450 1817 566 1875 vivendi
584 1821 678 1893 prosp
695 1820 802 1887 officio,
826 1821 910 1879 „uqa
962 1818 1056 1876 quam
1076 1802 1188 1874 fugere.
1205 1803 1283 1870 ldeo,
1300 1805 1378 1860 sicut
1393 1802 1605 1871 scriptumest,
1622 1798 1795 1901 Goutradic-

78 1898 195 1956 ratione
209 1899 381 1960 faciendum
396 1909 448 1961 est.
465 1906 599 1981 Denique
613 1915 735 1967 sanctus
751 1909 856 1975 David,
872 1924 909 1967 ne
963 1891 1057 1950 ‘ibim
1070 1892 1150 1950 ”Mi
1162 1891 1288 1960 ⁵⁰rit'it‘0,
1308 1898 1335 1949 0⁸
1351 1893 1567 1990 interponeres
1578 1888 1679 1958 dtfl'tt‘
1688 1888 1791 1987 (uitreo.

81 2002 114 2045 se
133 1991 330 2049 committeret
348 1992 485 2066 periculis
511 1996 691 2070 misorum,
719 2003 747 2057 ει
773 1998 909 2056 fortassis
962 1981 1120 2054 xviii,18):
1138 1981 1243 2039 melius
1257 1981 1337 2037 enim
1352 1981 1430 2036 Deus
1445 1979 1475 2035 iii
1493 1975 1705 2077 huiuscemodi
1724 1990 1792 2031 am-

79 2078 326 2151 entissimum,
342 2081 419 2140 sicut
434 2084 475 2141 ibi
488 2084 601 2142 dictum
615 2089 910 2154 est,taceraafsraet
962 2070 1107 2143 bassibffls
1129 2086 1222 2143 ΨΜ
1241 2069 1388 2134 hmines·
1407 2067 1523 2140 Judiffll
1541 2082 1548 2132 ἱ
1569 2080 1629 2122 ⁸¹¹0
1655 2067 1794 2134 ⁰¹8¹1⁰l¹¹r

79 2165 116 2235 (11
129 2165 200 2240 itaq.
213 2185 254 2237 xi,
270 2169 323 2240 ii),
335 2174 425 2228 esuis
435 2172 493 2230 1100
508 2175 678 2246 petentibus
696 2177 835 2248 sumpsp,
847 2191 908 2233 non
962 2159 1001 2216 ad
1018 2160 1165 2231 passionis
1179 2157 1310 2217 fructum
1322 2172 1431 2215 rorare
1452 2154 1589 2214 meliores
1617 2158 1646 2211 et
1671 2167 1793 2251 parcere

78 2254 909 2335 ipseprmsumpsit;alioquinmuisogjmjmomfecimt
962 2248 1100 2316 infirmis,
1110 2249 1172 2305 sive
1182 2245 1409 2305 istosfaceread
1420 2240 1794 2343 mulapeiferendafortio:

80 2343 221 2415 ignavia,
236 2348 289 2420 qui
307 2364 377 2406 eum
392 2351 548 2409 crederent
561 2352 619 2410 1100
633 2353 739 2411 ΜΝ
758 2370 819 2411 ῃοῃ
834 2370 908 2412 0011.
961 2353 1021 2405 res‚
1031 2338 1137 2395 ethuic
1148 2337 1216 2395 vitis
1230 2336 1417 2403 subtrahere,
1429 2332 1789 2409 quorumnonpotestilei

81 2433 260 2492 sideratione
271 2437 676 2508 utilitatisaliorum,sedsum
684 2442 908 2516 perturbatione
964 2426 1097 2484 sssssslssiiffl
1120 2432 1236 2485 lanium
1252 2429 1400 2500 quantum
1422 2423 1541 2481 ifl0f¹¹m
1557 2422 1618 2480 Vlla
1637 2421 1791 2495 Pl⁰d⁸⁸⁸⁰¹

82 2521 265 2585 formidinis.
962 2519 1019 2574 Res
1039 2516 1163 2589 quidem
1173 2516 1222 2573 fiet
1238 2516 1337 2572 minus
1353 2514 1476 2581 usitata,
1488 2511 1513 2569 si
1526 2511 1577 2569 ilat
1589 2510 1646 2568 ista
1657 2509 1790 2567 sortitio:

117 2637 160 2689 tl.
176 2632 419 2692 occurritantem
430 2635 626 2711 aliaquiestio
636 2653 728 2711 quam
739 2643 909 2697 contemne·

80 2735 113 2777 re
128 2736 189 2779 non
201 2721 357 2780 debemus.
374 2722 403 2781 Si
419 2725 498 2782 enim
514 2726 579 2783 bisc
594 2726 705 2784 utilitas
729 2728 909 2799 negligenda
963 2695 1035 2762 θυῖε
1047 2711 1198 2796 {¹⁰¹¹‚fflm’
1211 2694 1440 2793 nisiisspfflmffi
1452 2697 1503 2792 ΒΨ
1514 2690 1647 2756 ῙΜῙάὓὸν
1659 2703 1793 2760 ⁰⁰¹¹ssfu⁸

79 2814 203 2883 nonest,
216 2815 248 2867 ui
260 2811 353 2885 aliqui
365 2813 489 2869 ministri
506 2820 665 2887 propterea
679 2815 796 2887 fugiam
810 2818 907 2875 immi,
963 2785 1175 2858 predicatione
1188 2783 1350 2842 laudabit?
1364 2782 1449 2848 Quod
1463 2798 1488 2838 si
1501 2796 1562 2837 non
1574 2779 1671 2854 placet
1683 2780 1790 2845 facere,

79 2903 168 2956 neute
182 2899 284 2973 aliqua
297 2901 443 2971 vastitate,
461 2908 492 2959 ut
504 2909 660 2961 serventur
672 2905 725 2979 qui
737 2905 908 2964 ministrent
962 2873 1133 2974 01119Ηωῦ
1153 2887 1217 2972 ΜΠ,
1234 2873 1362 2973 οθωῖῗὴ
1386 2868 1576 2970 θξθωρωωῆ
1594 2867 1704 2967 numm
1720 2867 1793 2968 fug?

79 2988 505 3063 „isqumpostfflgmcladem
517 2993 909 3068 msiduospotuerimim,
962 2962 1097 3020 faciatut
1112 2961 1244 3018 Ecclesia
1270 2964 1481 3024 ministerium,
1498 2972 1629 3014 maxime
1652 2971 1683 3013 in
1706 2960 1793 3013 tantis

79 3077 144 3134 nim
156 3094 162 3106 ·
176 3077 251 3152 quid
266 3079 316 3135 fies
331 3079 382 3136 ubi
397 3096 501 3138 omnes
514 3081 653 3140 videmur
667 3084 811 3141 inmari
851 3085 909 3141 nisi
962 3050 1101 3125 periculis
1116 3050 1320 3107 necessarium
1331 3064 1366 3105 ao
1380 3046 1526 3113 debitum,
1542 3044 1628 3102 desit.
1642 3047 1793 3103 Nemoex-

156 3120 163 3141 ’
817 3126 823 3151 ’
963 3140 1074 3212 aipiat¹
1089 3154 1362 3213 personamsuam,
1376 3141 1407 3195 ut
1421 3136 1447 3193 si
1459 3135 1561 3208 aliqua
1571 3134 1668 3206 gratia
1678 3133 1794 3191 videtur

893 3264 909 3322 γ
962 3229 1115 3294 excellere,
1132 3228 1200 3285 ideo
1218 3242 1251 3285 se
1266 3228 1345 3284 dicat
1360 3227 1432 3292 vita,
1446 3231 1472 3282 et
1487 3224 1528 3281 ob
1551 3225 1609 3281 hoc
1630 3223 1711 3294 fuga,
1728 3237 1793 3279 esse

962 3317 1142 3389 digniorem.
1159 3317 1300 3390 Quisquis
1314 3315 1465 3373 enimboc
1476 3317 1572 3388 putat,
1596 3312 1723 3369 nimium
1735 3310 1792 3368 sibi

962 3407 1076 3480 placet:
1091 3406 1232 3481 quisquis
1260 3411 1362 3464 autem
1383 3406 1474 3463 stiam
1484 3404 1542 3461 hoo
1555 3402 1635 3469 dicit,
1650 3400 1792 3459 omnibus

965 3495 1115 3569 displicet.

80 3165 174 3240 aliqui
187 3166 325 3238 fugiant?
339 3169 411 3243 quid
426 3169 450 3225 si
464 3169 545 3227 enim
560 3171 707 3228 hactenus
733 3173 836 3230 saeviat
857 3173 909 3232 illa

80 3257 241 3329 pernicies,
253 3257 371 3315 utsolos
380 3259 532 3316 ministros
544 3261 680 3319 Ecclesia
688 3268 885 3336 persequatur

82 3345 160 3413 Quid
173 3345 309 3404 dicemus
319 3346 335 3404 i
346 3364 385 3405 ari
400 3348 597 3423 relinquenda
612 3354 657 3406 est
672 3366 690 3407 a
705 3351 847 3408 ministris
862 3351 909 3408 fu-

80 3432 231 3506 gientibus
244 3434 383 3508 Ecclesia,
395 3452 464 3494 nea
485 3439 683 3496 morientibus
710 3440 909 3497 miserabilius

78 3523 286 3598 relinquatur?
297 3526 388 3584 sensi
398 3524 911 3600 laicinonquaeruntuiadmortem,

79 3617 206 3687 possunt
220 3614 369 3671 occultare
384 3630 507 3690 quoquo
522 3616 615 3673 modo
631 3617 790 3690 episcopos
806 3623 834 3675 et
853 3618 911 3675 ole-
1002 3617 1043 3674 13.
1057 3613 1792 3691 Suntsanequiaibitranturepiscoposetolsiioos

79 3702 249 3770 rioossuos,
261 3703 585 3777 sicutilleadjuveritin
596 3707 912 3778 cujuspotestatesunt
964 3722 1025 3764 non
1050 3706 1196 3777 fugientes
1212 3706 1241 3763 in
1255 3706 1366 3763 talibus
1382 3705 1532 3779 periculis,
1549 3705 1601 3761 sed
1626 3707 1794 3770 manentes,

80 3791 192 3862 omnia,
207 3791 259 3864 qui
275 3795 411 3866 potestat
422 3809 482 3850 non
496 3794 659 3864 fugientem
670 3811 723 3868 per
741 3796 909 3854 mirabilem
965 3796 1061 3853 facere
1072 3800 1104 3853 ut
1114 3795 1217 3869 plebes
1226 3795 1424 3869 decipiantur,
1435 3811 1505 3851 cum
1517 3793 1584 3850 ideo
1593 3808 1655 3850 non
1664 3792 1793 3863 fugiunt,

80 3894 260 3938 conservare
275 3882 452 3954 potentiam.
469 3882 526 3940 Sed
556 3883 624 3939 ideo
649 3884 814 3956 querimus
834 3885 910 3960 quid
964 3884 1036 3957 quia
1052 3899 1173 3941 manera
1187 3899 1258 3940 suos
1273 3886 1452 3956 prepositos
1465 3885 1601 3938 cernunt.
1627 3879 1683 3937 Sed
1708 3879 1794 3936 facile

80 3984 136 4026 noe
150 3968 247 4027 facere
259 3970 436 4038 debeamus,
454 3987 491 4029 ne
503 3973 534 4028 in
548 3972 691 4029 omnibus
706 3975 910 4047 exspectando
964 3977 1008 4030 est
1018 3973 1097 4030 lianc
1106 3973 1332 4045 responsionem
1342 3973 1387 4028 vel
1399 3971 1544 4028 invidiam
1555 3968 1795 4036 declinare,allo·

80 4057 185 4115 divina
195 4057 340 4116 miracula
353 4064 466 4118 tentare
482 4061 642 4118 Dominum
651 4061 832 4134 judicemur.
846 4067 910 4122 Non
964 4063 1086 4136 quaudo
1101 4063 1221 4119 easdem
1235 4061 1349 4135 plebes,
1366 4067 1455 4135 atque
1476 4059 1626 4117 dicendo:
1651 4061 1716 4116 Non
1739 4073 1793 4116 vos

79 4147 203 4222 quidem
219 4148 285 4205 talis
304 4152 349 4206 est
359 4148 418 4206 ista
429 4156 602 4223 tempestas,
618 4152 743 4224 quaudo
764 4152 909 4210 laicorum
964 4152 1103 4224 decipiat,
1115 4151 1198 4226 qnod
1209 4150 1247 4207 de
1258 4151 1324 4208 loco
1335 4151 1391 4208 isto
1400 4166 1462 4207 non
1478 4149 1610 4220 fugimus
1621 4165 1629 4205 τ
1639 4163 1701 4206 non
1713 4147 1794 4204 enim

80 4236 290 4294 siclericorum
299 4242 343 4295 est
353 4253 513 4295 commune
526 4238 703 4311 periculum,
715 4241 790 4298 sicut
799 4241 829 4298 in
840 4242 910 4299 navi
964 4246 1086 4315 propter
1099 4257 1165 4308 nos,
1183 4241 1236 4298 sed
1247 4245 1370 4314 propter
1382 4256 1434 4297 vos
1446 4241 1546 4313 potius
1562 4239 1610 4296 bic
1623 4252 1794 4305 manemus,

82 4340 143 4383 nna
156 4341 318 4384 commune
332 4328 499 4400 periculum
523 4334 566 4384 est
593 4334 793 4387 mercatorum
820 4337 910 4405 atque
964 4346 1002 4387 ne
1016 4329 1101 4387 iobis
1117 4345 1177 4386 non
1192 4330 1397 4386 ministremus
1409 4328 1559 4402 quidquid
1575 4326 1662 4384 saluti
1674 4330 1791 4391 restria,

80 4420 252 4473 nautarum.
269 4417 376 4473 Verum
392 4415 471 4474 absit
487 4421 519 4474 ut
533 4419 605 4475 tanti
624 4420 785 4492 pendenda
798 4420 834 4477 sit
846 4421 910 4478 bae
964 4434 1032 4493 qua
1047 4421 1077 4475 in
1092 4419 1209 4475 Christo
1228 4422 1283 4482 est,
1299 4418 1440 4474 novimus
1455 4417 1669 4473 necessarium.
1681 4414 1711 4470 Si
1722 4426 1794 4483 eigo

80 4504 165 4560 navis
178 4508 290 4571 nostra,
309 4505 480 4564 utdebeant
499 4522 566 4563 eain
587 4513 696 4574 nauta,
724 4512 753 4566 et
777 4508 910 4566 maxime
964 4507 1237 4578 fugerevolueritis,
1254 4510 1282 4562 et
1296 4521 1352 4563 nos
1368 4505 1407 4562 ab
1420 4505 1493 4596 istis,
1510 4504 1622 4579 quibus
1645 4507 1792 4570 tenemur,

81 4593 274 4664 gubernator,
282 4594 497 4667 periclitantem
506 4595 815 4663 deserere,etiamsiin
824 4613 911 4670 seap·
964 4596 1091 4653 vinculis
1106 4595 1246 4653 solvistis.
1264 4594 1350 4664 Quod
1368 4598 1438 4652 tune
1453 4594 1528 4667 puio
1541 4609 1606 4651 esse
1618 4590 1792 4660 dicendum,

81 4681 154 4739 bam
169 4681 363 4740 transiliendo
374 4682 421 4741 iel
440 4684 530 4741 etiam
550 4684 682 4741 natando
704 4685 821 4757 possint
835 4685 911 4742 effu·
964 4685 1089 4760 quando
1104 4700 1171 4742 vera
1185 4684 1302 4742 videtur
1315 4683 1383 4741 utile
1396 4699 1462 4741 esse
1477 4682 1517 4741 ad
1532 4683 1599 4741 loca
1615 4683 1725 4741 tutiora
1738 4682 1796 4739 mi·

80 4785 159 4843 gere.
174 4771 289 4838 Quibus
301 4772 381 4829 enim
398 4772 561 4829 metuimus
575 4788 612 4830 ne
627 4778 730 4830 nostra
740 4773 909 4832 desertione
965 4789 1061 4846 grase.
1074 4775 1137 4842 Ono
1150 4774 1264 4841 audito,
1281 4774 1305 4830 si
1317 4773 1364 4831 vel
1374 4788 1480 4830 omnes
1494 4773 1540 4831 rel
1550 4772 1642 4848 aliqui
1654 4772 1793 4841 dixerint,

81 4863 214 4932 pereant,
227 4875 288 4918 non
297 4860 493 4934 temporalem
505 4867 641 4928 mortem,
650 4862 910 4938 quiequandoque
964 4864 997 4920 lu
1012 4863 1091 4920 illius
1105 4868 1253 4937 potestate
1266 4880 1381 4930 sumus,
1400 4864 1486 4936 cujus
1498 4864 1575 4923 iram
1585 4863 1695 4934 nullus,
1718 4876 1796 4936 quo·

78 4954 272 5016 venturaest,
288 4949 341 5006 sed
352 4954 506 5017 aeternam,
525 4966 593 5024 quie
607 4954 716 5024 potest,
732 4952 757 5008 si
779 4967 840 5008 non
860 4967 911 5009 ca·
965 4969 1096 5026 cumque
1108 4953 1199 5021 vadit,
1215 4953 1334 5021 eradit,
1350 4952 1438 5025 eujus
1456 4952 1703 5019 misericordiam,
1726 4949 1795 5008 ubi·

79 5042 192 5106 reatui,
221 5037 332 5105 venire,
344 5044 373 5096 et
392 5044 499 5112 potest,
522 5042 547 5096 si
571 5045 720 5112 caveatur,
738 5041 828 5099 etiam
849 5056 909 5100 non
964 5058 1096 5117 cumque
1111 5042 1158 5112 sit,
1173 5047 1272 5117 potest
1286 5043 1419 5100 invenire
1433 5043 1486 5116 qui
1500 5056 1651 5117 nusquam
1664 5040 1728 5097 vult
1740 5040 1794 5107 ire,

80 5129 194 5193 venire,
205 5128 420 5186 metuimus.ln
430 5129 834 5200 communiautempericulo
846 5131 910 5188 viia
965 5131 1029 5189 sive
1045 5132 1132 5189 certis
1144 5133 1372 5190 necessitatibus
1388 5132 1560 5205 impeditus,
1578 5131 1641 5189 sive
1655 5129 1794 5188 laborare

79 5216 460 5288 hujuscurexistimamus,
472 5218 655 5292 ubicumque
670 5218 758 5277 fuerit
771 5220 910 5277 hostilius
965 5221 1070 5279 nolens
1085 5222 1123 5278 ad
1138 5222 1250 5279 incerta
1266 5220 1406 5294 suffugia,
1418 5226 1447 5278 et
1459 5235 1521 5278 non
1535 5220 1574 5278 ad
1585 5219 1728 5287 finienda,
1743 5220 1794 5277 sed

80 5306 233 5374 incursus,
243 5322 350 5364 omnes
361 5307 484 5364 clericos
494 5313 522 5364 et
532 5323 593 5364 non
604 5309 807 5366 etiamomnes
817 5308 909 5367 laicos
965 5310 1005 5369 ad
1019 5311 1165 5369 mutanda
1179 5310 1328 5386 pericula:
1344 5309 1448 5384 procul
1463 5310 1556 5368 dubio
1568 5310 1618 5368 isti
1635 5310 1794 5368 deserendi

81 5395 911 5465 essemorituros,utsimulfinianthancvitam,ouisunt
964 5398 1793 5471 nonsuntministerio‚cbristiano.Siautem,honaudito,

82 5484 909 5558 clericinecessarii‘iautcurnonspeiemussicutlaicos
966 5487 1794 5567 abiremnluerint,necillismanendumest,quipropter

81 5573 210 5648 sliquos,
221 5575 360 5634 sicetiam
371 5575 495 5633 clericos
504 5590 707 5642 remansuros,
721 5575 911 5650 aquibussis

81 5665 287 5725 necessarium
297 5664 799 5731 ministeriumvaleatexhiberif.
897 5710 902 5717 .
996 5673 1113 5728 ¹1tecem
1123 5675 1196 5735 tiss,
1212 5674 1331 5741 occtptct.

963 2607 1015 2663 sed
1026 2607 1049 2662 si
1061 2604 1139 2663 iacta
1151 2604 1249 2672 fuerit,
1260 2605 1329 2679 quis
1341 2619 1409 2660 eam
1420 2601 1637 2675 reprehendere
1647 2597 1790 2656 audebit?
1898 2638 1901 2643 -
1938 2652 1946 2659 .
