3952 6128
58 246 101 305 do
127 244 243 319 aliquid
266 246 298 302 in
325 260 361 302 eo
380 243 573 303 considerare
597 245 755 303 vellemus.
776 246 890 317 Rogavi

59 336 153 394 etiam
167 340 199 393 ut
212 351 306 393 manu
322 350 390 391 mea
408 335 505 391 notari
527 334 718 407 permitteret,
735 336 838 401 faleor,
856 335 891 392 ti-

60 442 148 483 mens
167 440 204 480 nc
222 424 296 481 mihi
322 423 395 480 forle
415 439 509 479 causa
527 423 675 493 exigente,
695 440 764 480 cum
791 428 891 495 peten-

57 515 136 571 dum
150 519 237 585 esset,
254 528 311 586 pro
326 511 376 569 illo
389 511 470 569 aliud
505 511 686 584 proterretur
702 528 819 585 ;neque
833 512 891 568 hoc

61 603 168 661 voluit.

96 694 211 750 CAPUT
225 691 272 747 lV.
283 723 318 732 -
329 697 356 747 7.
367 690 477 747 Deinde
488 690 561 746 mihi
575 691 665 763 coepit
674 690 796 757 instare,
812 690 890 748 utad

59 782 419 852 interrogationemsuam
432 780 560 837 breviter
573 780 797 853 responderem,
811 797 891 852 quoe·

59 887 130 928 rens
145 887 165 927 a
179 886 228 927 me
238 885 327 943 quam
341 869 459 941 justum
478 874 627 941 putarem,
644 884 713 926 eum
724 870 775 942 qui
789 885 890 942 perse-

59 964 261 1033 queretur,an
273 974 343 1014 cum
354 958 405 1031 qui
416 959 653 1031 persecutionem
662 962 823 1031 pateretur.
838 958 890 1015 Cui

59 1047 294 1119 respondebam,
306 1062 368 1102 non
379 1051 455 1103 recte
468 1047 508 1102 ita
520 1047 697 1118 interrogari
712 1064 719 1102 :
735 1047 800 1102 tlcri
810 1046 891 1103 enim

60 1152 151 1210 posse
168 1143 199 1191 ut
213 1136 305 1192 arubo
318 1135 412 1207 iniqui
424 1136 492 1201 sint,
506 1135 570 1191 fleri
585 1136 674 1192 etiam
691 1152 779 1208 posse
793 1141 824 1192 ut
839 1135 892 1191 ini·

60 1227 200 1299 quiorem
208 1225 317 1296 justior
326 1232 530 1297 persequatur.
546 1227 610 1281 Non
624 1241 769 1297 ergoessa
784 1241 892 1282 conse-

59 1330 171 1387 quens,
180 1313 288 1369 ntideo
300 1315 338 1368 sit
351 1313 479 1385 quisque
490 1313 609 1385 justior,
625 1314 697 1387 quia
712 1314 893 1388 persecutio·

60 1401 443 1475 nempatitur,quamvisid
450 1400 627 1474 plerumque
634 1403 798 1472 contingat.
810 1403 893 1458 Dein·

60 1492 182 1549 desum
198 1490 327 1546 viderem
338 1491 368 1546 in
380 1489 438 1546 hoc
454 1506 523 1546 eum
539 1490 666 1546 multum
680 1491 846 1557 immorari,
864 1496 893 1547 ul

59 1580 208 1653 justitiam
226 1596 289 1636 suar
304 1583 397 1651 partis
412 1596 449 1636 ex
468 1595 503 1636 eo
525 1584 638 1636 certam
654 1581 742 1636 vellet
755 1580 891 1650 intelligi,

61 1670 137 1743 quia
150 1669 392 1742 persecutionem
412 1684 501 1740 passa
513 1668 602 1724 luerit
625 1685 633 1734 ;
649 1669 774 1741 quoesivi
790 1670 830 1725 ab
845 1684 891 1739 eo,

61 1757 832 1831 utrumJ'ustumetchristianumputaretepiscopum
840 1760 894 1815 lle-

62 1846 391 1904 diolancnsisEcclesiae
398 1846 780 1918 Ambrosiumtlogebatnr
790 1847 894 1919 ntique

62 1935 265 2007 negarequod
278 1934 325 1991 ille
337 1934 567 1991 virchrlstianus
576 1939 655 1992 esset
667 1941 695 1991 et
699 1936 799 2007 justus
808 1934 894 2007 ;quia

62 2025 88 2080 si
105 2023 260 2094 fateretur,
277 2025 378 2081 statim
389 2023 589 2094 objiceremus
605 2024 689 2097 quod
704 2040 774 2080 euru
787 2024 895 2094 rebap-

63 2110 295 2169 tizandumcssc
308 2117 453 2169 censeret.
462 2113 534 2169 Cum
548 2127 620 2182 ergo
635 2128 670 2169 ea
684 2112 894 2185 loquicogere·

64 2205 122 2265 tur,
143 2200 256 2273 quibus
270 2200 318 2256 ille
333 2216 393 2256 non
406 2207 484 2257 asset
498 2201 659 2258 habendus
671 2202 854 2257 christianus
866 2204 894 2257 ei

60 2289 172 2360 justus,
181 2290 416 2345 commemoravi
427 2291 821 2362 quantumparsecutionem
831 2305 895 2360 per·

63 2378 175 2447 tulerit,
186 2377 892 2435 circumdataetiamruilitibusarrnatisecclesia.

64 2464 631 2533 Quaesivietiamutrumllaximianum,
645 2466 742 2538 quiab
757 2467 800 2522 eis
812 2466 895 2539 apud

62 2556 278 2625 Carthaginem
288 2554 421 2610 schisma
432 2554 549 2621 fecerat,
564 2563 592 2611 at
601 2555 895 2629 justumetchristia·

63 2661 139 2700 num
154 2650 284 2716 putaret.
301 2646 362 2699 lion
380 2644 559 2715 poteratnisi
574 2657 694 2712 negare.
707 2644 896 2700 Commemo-

65 2731 895 2805 raviergoetianrillumtalempersecutionempertulisse

65 2829 97 2879 at
110 2822 241 2879 ecclesia
254 2822 319 2890 ejus
336 2836 429 2893 usque
448 2821 488 2878 ad
501 2821 697 2877 fundamenta
712 2821 890 2880 dirueretur.

67 2912 115 2967 llis
127 2911 221 2980 igitur
235 2909 381 2982 exemplis
395 2910 433 2973 ei,
450 2910 473 2965 si
489 2925 622 2981 possem,
637 2909 817 2981 persuadere
834 2927 895 2967 mo·

66 3000 160 3056 liebar
170 2999 268 3072 utJam
281 3000 430 3055 desineret
439 2998 537 3056 dicere
546 2998 762 3072 persecutionis
774 3015 897 3072 perpes·

66 3092 197 3155 sionem,
219 3089 388 3155 christiane
407 3088 530 3160 justitiis
551 3087 750 3145 certissimum
766 3104 831 3145 esse
846 3090 897 3145 do·

66 3183 256 3235 eumenium.

100 3272 129 3324 8.
146 3266 495 3337 Narravitetiaminipsa
506 3265 676 3321 schismatis
688 3265 818 3322 novitate
835 3282 896 3322 ma·

65 3357 146 3428 jures
161 3371 245 3422 suus,
270 3371 341 3412 cum
364 3356 529 3426 cogitarent
542 3354 663 3426 culpam
684 3354 843 3423 ceciliani,
859 3369 896 3412 ne

68 3445 202 3502 schisma
213 3444 307 3509 flaret,
322 3442 552 3516 quoquomodo
568 3443 639 3499 velle
653 3443 763 3515 sopire,
778 3443 897 3499 dedisse

68 3533 236 3608 quemdam
249 3534 480 3591 interventorem
501 3532 542 3604 (a)
558 3531 670 3604 populo
686 3548 747 3588 suae
762 3547 896 3588 commu·

66 3622 165 3679 nionis
176 3623 260 3694 apud
270 3622 479 3692 Carthaginem
490 3621 828 3694 constituto‚antequam
840 3624 896 3678 lda-

63 3711 183 3783 jocinus
206 3712 352 3768 adversus
376 3710 566 3767 Caecilianum
592 3710 792 3766 ordinaretur.
812 3713 894 3766 tlunc

66 3801 375 3872 ergcinterventorcm
387 3799 416 3856 in
427 3814 482 3855 suo
495 3797 895 3856 conventiculoanostrisdi·

66 3887 894 3960 oebatoccisum.Quodtatem,nunquamanteaprorsus

66 3978 234 4043 audieram,
251 3994 320 4033 cum
335 3984 397 4033 tam
411 3977 506 4033 multa
523 3976 562 4033 ab
577 3976 620 4032 eis
634 3976 750 4048 objecta
766 3977 894 4033 crimina

65 4068 271 4125 refellerentur
280 4071 310 4122 et
327 4066 577 4135 redarguerentur
595 4081 613 4120 a
629 4064 749 4133 nostris,
762 4064 892 4136 alquein

65 4171 114 4213 eos
125 4157 252 4229 pluraet
264 4155 382 4226 majora
394 4154 574 4225 jacerentur.
591 4152 648 4210 Sed
663 4158 764 4210 tamen
774 4158 893 4226 postea-

64 4260 157 4318 quam
172 4245 232 4301 hoc
255 4245 398 4303 narravit,
414 4257 516 4298 rursus
541 4259 560 4298 a
580 4257 626 4296 me
642 4241 787 4297 instanter
802 4242 893 4313 eoepit

64 4348 300 4407 quaererequem
307 4333 423 4403 justum
433 4335 580 4403 putaram,
592 4346 701 4386 eumne
709 4330 761 4402 qui
771 4331 890 4396 occidit,

64 4438 100 4479 aa
116 4438 190 4479 eum
203 4422 255 4494 qui
267 4421 385 4477 occisus
398 4411 476 4476 esset
493 4436 500 4485 ;
516 4420 602 4492 quasi
618 4420 685 4492 jam
696 4418 768 4475 mihi
783 4419 892 4491 proba·

63 4513 162 4581 risset,
171 4513 214 4567 ita
223 4515 255 4566 ut
265 4514 445 4575 narraverat,
458 4525 524 4565 esse
532 4508 738 4563 commissum.
749 4508 890 4565 Dicebam

63 4616 144 4669 ergo,
161 4599 248 4671 prius
263 4604 361 4655 utrum
376 4613 478 4654 verum
494 4601 574 4652 esset
588 4611 654 4652 esse
666 4596 864 4668 quaerendum
880 4613 888 4663 ;

63 4704 121 4746 non
129 4687 417 4746 enimtemerecredi
425 4692 563 4758 oportere
573 4685 889 4758 quacumquodicun-

63 4784 122 4835 tur:
134 4783 277 4835 ettamen
289 4776 352 4832 lieri
361 4776 506 4849 potuisse,
520 4775 599 4831 utvel
613 4774 804 4846 ambosque
818 4774 888 4831 mali

61 4862 887 4936 essent,veletiampeJ'oremquisquarnmalusoccideret.

61 4960 172 5015 lievera
180 4956 263 5012 caim
272 4954 335 5010 lieri
348 4959 488 5026 potest,ut
498 4952 668 5009 sceleratior
680 4952 717 5007 sit
729 4953 888 5025 rebaptiza-

60 5040 886 5116 tortotiushominis,quamsoliuscorporisinteremptor.

93 5140 121 5192 ⁹.
139 5133 226 5191 Unde
241 5134 330 5189 etiam
346 5131 416 5188 illud
431 5130 510 5204 quod
523 5147 541 5185 a
555 5146 603 5186 me
622 5135 726 5200 postea
741 5129 886 5201 quaesivit,

57 5218 702 5297 iamquoereudumnoueratlliteuimutiam
711 5218 888 5274 mulrrmnon

61 5435 319 5549 Eattellalnterrrentor
334 5431 482 5490 dicebatur,
497 5432 543 5499 qui
560 5433 673 5482 vacante
697 5431 760 5481 sedo
779 5430 889 5496 regebat

152 5510 218 5548 ram.

689 121 942 181 nplsrouattuu
960 123 1106 183 classis
1124 123 1161 182 ΙΙ.

1720 129 1774 189 178

943 246 1082 305 debuisse
1096 249 1189 307 occidi
1200 267 1219 307 a
1230 250 1400 309 christianis
1408 256 1436 310 et
1441 253 1530 325 justis
1542 270 1550 322 ;
1560 253 1712 328 quasinos
1721 264 1774 312 eos

943 336 997 409 qui
1009 336 1073 393 haec
1083 338 1113 394 in
1122 338 1271 398 catholica
1285 341 1513 414 iaciunt,justos
1530 359 1690 401 vocemus:
1703 360 1773 418 quse

943 429 1043 482 tamen
1059 426 1145 484 nobis
1160 430 1271 486 abistis
1285 430 1344 487 dici
1355 431 1472 487 facilius
1486 447 1577 505 quam
1593 434 1715 506 probari
1727 449 1773 490 so·
1823 434 1826 439 ’

943 515 1014 583 lent,
1024 532 1093 573 cum
1108 522 1170 574 tam
1187 519 1296 576 multas
1307 519 1537 578 violentissimas
1548 522 1646 578 credes
1657 525 1686 579 et
1701 527 1774 579 stra·

944 619 996 676 ges
1016 605 1150 677 plerique
1168 606 1303 678 ipsorum
1330 613 1358 664 et
1373 608 1509 681 episcopi
1522 614 1551 667 et
1564 610 1730 683 presbyteri
1746 615 1775 666 et

944 692 1775 767 quilibetclericicongregatisturbishorninumfuriosis-

944 783 1103 850 simorum,
1114 800 1174 841 non
1185 785 1339 842 catholicis
1351 791 1475 851 tantum,
1489 787 1541 843 sed
1553 803 1774 861 nonnunquam

944 872 1033 928 etiam
1054 871 1128 937 suis,
1145 873 1195 929 ubi
1206 879 1345 947 possunt,
1360 873 1468 931 inierre
1489 890 1548 932 non
1558 881 1684 933 cessent.
1700 876 1772 946 Quae

944 976 1014 1017 curn
1033 961 1150 1029 itasint,
1167 962 1360 1020 dissimulans
1371 969 1472 1021 tamen
1485 965 1524 1021 ab
1536 965 1774 1022 sceleratissimis

943 1049 1175 1120 laetissuorum,
1190 1067 1257 1125 quur
1271 1052 1337 1125 ipse
1352 1053 1420 1125 plus
1435 1054 1526 1120 novit,
1539 1052 1666 1125 urgebat
1676 1058 1710 1110 ut
1729 1055 1775 1110 di-

934 1154 1052 1204 ·cerem,
1065 1140 1132 1211 quis
1135 1140 1461 1210 justorumvelmalum
1469 1141 1603 1215 aliquem
1613 1141 1769 1199 occiderit.

945 1227 1031 1293 Quod
1042 1227 1159 1284 etiamsi
1169 1227 1209 1284 ad
1222 1245 1347 1286 causam
1354 1231 1418 1300 jam
1428 1245 1488 1286 non
1498 1230 1668 1302 pertinebat
1684 1230 1774 1296 ;fate-

945 1315 1054 1371 bamur
1064 1315 1142 1370 enim
1160 1315 1225 1371 haec
1236 1316 1418 1390 ubicumque
1433 1316 1491 1372 sub
1504 1316 1773 1374 nominochristia·

944 1403 1175 1468 nolierent,non
1191 1402 1251 1460 lieri
1263 1404 1394 1472 abonis;
1407 1405 1460 1461 sed
1475 1410 1572 1461 tamen
1586 1410 1619 1461 ut
1629 1405 1774 1462 admone·

945 1491 1104 1564 returquid
1115 1494 1399 1565 essetquaerendum
1408 1494 1630 1567 respondimus,
1638 1509 1774 1567 quaeren-

946 1583 989 1635 tes
1011 1585 1111 1636 utrum
1138 1581 1215 1637 Elias
1230 1581 1329 1653 justus
1344 1581 1371 1637 ei
1386 1582 1537 1638 videretur
1552 1582 1642 1639 luisse
1663 1598 1670 1637 ε
1692 1583 1774 1653 quod

946 1683 1056 1739 negare
1064 1685 1125 1724 non
1134 1669 1354 1741 potuitDeinde
1362 1670 1547 1743 subjecimus
1557 1686 1651 1744 quam
1663 1672 1774 1728 multos

946 1756 1288 1831 pseudoprophetassua
1297 1759 1774 1832 manuperemerit(lllliengnr,

946 1845 1002 1916 tu).
1019 1846 1069 1902 llic
1081 1847 1359 1920 reveraviditquod
1374 1847 1538 1904 videndum
1548 1852 1618 1912 erat,
1630 1848 1701 1905 talia
1711 1853 1775 1905 tum

945 1932 1065 1991 licuisse
1076 1934 1172 2007 justis.
1190 1938 1256 1992 lloec
1271 1937 1352 1993 enim
1363 1937 1538 2009 prophetico
1552 1936 1655 2009 spiritu
1670 1941 1771 1993 aucto·

946 2023 1032 2079 ritate
1040 2022 1090 2080 Dei
1099 2024 1313 2098 iaciebant,qui
1322 2025 1527 2097 proculdubio
1535 2025 1775 2082 Novitcuietiam

947 2111 1041 2183 prosit
1053 2111 1158 2168 occidi.
1171 2113 1313 2184 Erigebat
1331 2128 1403 2183 ergo
1420 2119 1451 2169 ut
1469 2113 1607 2170 docerem
1622 2114 1686 2183 J'am
1702 2114 1770 2169 novi

946 2201 1126 2256 Testamenti
1145 2201 1343 2273 temopribus,
1373 2201 1441 2274 quis
1463 2202 1613 2273 J'ustorum
1641 2201 1774 2274 aliquem

947 2288 1099 2354 occiderit,
1120 2289 1211 2345 etiam
1227 2289 1402 2346 sceleratum
1419 2293 1447 2346 et
1465 2290 1605 2362 impium.

984 2378 1096 2434 CAPUT
1108 2376 1143 2437 V.
1156 2378 1243 2433 -lD.
1257 2381 1337 2435 Tunc
1346 2378 1475 2435 reditum
1487 2379 1577 2434 estad
1588 2379 1774 2451 superiorem

947 2468 1188 2538 tractatum,quo
1199 2466 1376 2524 volebamus
1385 2467 1709 2540 ostenderenequenos
1717 2467 1776 2523 illis

948 2553 1057 2610 debere
1067 2555 1458 2626 objiceresuornmscelera,
1471 2572 1568 2628 neque
1577 2557 1641 2613 illos
1652 2557 1739 2613 nobis
1749 2556 1774 2611 si

948 2657 1008 2715 qua
1030 2642 1234 2702 invenirentur
1247 2646 1316 2702 talia
1335 2645 1412 2702 iacta
1435 2654 1616 2702 nostrorum.
1633 2646 1673 2701 Da
1692 2648 1775 2701 Novo

948 2729 1225 2789 enimtestamento
1235 2732 1351 2788 ostendi
1365 2732 1491 2806 quidem
1501 2749 1563 2788 non
1579 2748 1679 2805 posse,
1691 2734 1776 2804 quod

944 2819 1047 2892 justus
1062 2821 1222 2893 quisquam
1237 2820 1416 2878 interfecerit
1432 2820 1562 2894 aliquem
1580 2839 1587 2889 ;
1602 2823 1656 2879 sed
1672 2828 1775 2879 tamen

948 2907 1021 2964 illud
1029 2910 1150 2981 probari
1163 2926 1251 2982 posse
1262 2910 1473 2984 ipsoexemplo
1483 2912 1610 2977 Domini,
1618 2911 1776 2969 sceleratos

948 2997 988 3054 ab
998 2997 1209 3055 innocentibus
1223 2998 1315 3056 luisse
1324 2999 1475 3056 toleratos.
1492 2999 1675 3056 Traditorem
1696 2999 1776 3056 enim

948 3102 1049 3153 suurn,
1070 3088 1122 3160 qui
1140 3087 1203 3158 jam
1218 3088 1345 3161 pretium
1360 3088 1425 3158 ejus
1439 3092 1606 3160 acceperat,
1625 3089 1776 3161 usquead

950 3174 1324 3249 ultimumpaclsosculum
1335 3176 1698 3232 interinnooentessecum
1709 3192 1776 3233 esse

949 3278 1111 3335 perpessus
1130 3268 1175 3320 est
1194 3280 1201 3320 ε
1221 3264 1333 3337 quibus
1346 3279 1407 3321 non
1424 3264 1515 3321 tacuit
1534 3279 1599 3319 esse
1615 3263 1690 3321 inter
1709 3263 1776 3320 illos

949 3352 1023 3409 tanti
1038 3352 1158 3409 sceleris
1170 3353 1325 3409 hominem
1341 3372 1349 3420 ς
1367 3358 1396 3408 et
1410 3358 1511 3410 tamen
1524 3353 1656 3426 primum
1673 3354 1778 3410 Sacra-

952 3446 1084 3498 mentum
1097 3442 1232 3514 corporis
1243 3441 1514 3511 etsanguinissuis,
1523 3441 1661 3498 nondum
1670 3441 1776 3498 illoes-

949 3529 1042 3601 cluso‚
1054 3531 1254 3588 communiter
1266 3531 1407 3588 omnibus
1417 3531 1500 3586 dedit
1510 3529 1630 3602 (Mutila.
1645 3546 1707 3598 xvr,
1726 3534 1775 3587 20·

947 3620 1004 3690 28).
1020 3621 1084 3687 Quo
1095 3619 1234 3693 exemplo
1253 3637 1324 3677 cum
1339 3636 1432 3692 prope
1447 3636 1554 3676 omnes
1573 3624 1774 3685 moverentur,

947 3708 1074 3766 tentavit
1083 3709 1191 3775 dicere,
1201 3712 1268 3765 ante
1279 3709 1453 3782 passionem
1462 3709 1578 3766 Domini
1588 3709 1776 3765 commuuio·

947 3796 1779 3868 nemillamcumsceleratononabluissedpostolis,quia

947 3885 1244 3942 nondumhabebant
1255 3885 1443 3959 baptismum
1455 3884 1572 3952 Christi,
1589 3884 1641 3941 sed
1656 3885 1775 3958 baptis-

946 3990 1031 4031 mum
1044 3973 1176 4031 ioannis.
1191 3975 1276 4041 Quod
1289 3980 1488 4048 posteaquam
1500 3973 1587 4040 dixit,
1596 3973 1674 4047 coepi
1683 3973 1724 4031 ad
1738 3989 1775 4031 eo

945 4079 1079 4137 quaerere
1087 4063 1344 4135 quemadmodum
1356 4079 1426 4137 ergo
1438 4064 1583 4136 scriptum
1599 4068 1676 4119 esset
1690 4063 1774 4135 quod

944 4154 1028 4208 lesus
1042 4152 1236 4224 baptizaverit
1249 4151 1350 4222 plures
1361 4169 1454 4225 quam
1468 4155 1609 4219 loannes,
1623 4167 1693 4208 cum
1707 4151 1772 4224 ipse

944 4255 1005 4297 non
1013 4241 1186 4313 baptizaret,
1195 4241 1247 4297 sed
1257 4241 1396 4313 discipuli
1409 4242 1487 4315 ejus,
1496 4242 1553 4298 hoo
1564 4249 1618 4308 est,
1634 4255 1772 4313 persnas

943 4328 1106 4402 discipulos
1115 4330 1434 4402 baptizaretdlouaav,
1445 4336 1468 4395 t,
1481 4333 1521 4402 a).
1530 4331 1688 4396 Quomodo
1699 4346 1771 4402 ergo

943 4417 1059 4475 dabant
1072 4418 1153 4492 quod
1173 4434 1235 4474 non
1248 4419 1449 4490 acceperant?
1463 4419 1547 4491 quod
1566 4419 1622 4491 ipsi
1638 4419 1770 4475 maxime

944 4507 1041 4564 solent
1055 4508 1161 4565 dicere.
1176 4510 1220 4563 dn
1235 4508 1311 4563 forte
1331 4507 1466 4564 Christus
1478 4507 1632 4579 baptismo
1645 4506 1769 4563 loannis

943 4595 1111 4668 baptizabat
1125 4597 1139 4653 l
1155 4595 1267 4651 Deinde
1281 4595 1309 4651 in
1324 4595 1383 4652 hac
1397 4595 1543 4653 sententia
1553 4595 1647 4652 multa
1661 4595 1772 4668 quaesi-

943 4689 1026 4742 turus
1040 4701 1134 4749 eram,
1144 4685 1301 4758 quomodo
1312 4685 1351 4742 ab
1363 4686 1428 4756 ipso
1443 4686 1558 4741 Joanne
1574 4689 1644 4741 tnnc
1658 4685 1770 4757 quesi-

941 4778 1004 4831 tum
1019 4775 1055 4830 sit
1076 4774 1113 4830 de
1129 4774 1280 4845 baptismo
1293 4775 1419 4840 Domini,
1440 4778 1469 4831 ct
1478 4773 1668 4846 responderit
1683 4774 1767 4846 quod

942 4862 989 4919 ille
1003 4862 1125 4918 haberet
1140 4877 1296 4934 sponsam,
1311 4868 1338 4919 et
1354 4863 1402 4919 illo
1414 4867 1493 4919 esset
1507 4878 1638 4935 sponsus
1652 4863 1709 4931 (ld.
1727 4878 1769 4926 ιιι,

941 4950 1156 5023 29).Numquid
1165 4949 1768 5023 ergolaseratutbaptismotoannisbap-

941 5040 1042 5096 tizaret
1056 5055 1195 5112 sponsus,
1216 5039 1246 5095 id
1262 5045 1306 5095 est
1322 5039 1474 5112 baptismo
1489 5039 1579 5096 amici
1596 5038 1640 5094 vel
1657 5037 1735 5093 servi
1753 5037 1769 5093 i

941 5128 1051 5184 Deinde
1065 5127 1220 5201 quomodo
1236 5133 1370 5200 poterant
1393 5127 1610 5184 Eucharistiam
1634 5125 1769 5197 accipere

941 5218 1077 5275 nondum
1089 5217 1230 5288 baptizati
1244 5217 1259 5270 ‘l
1274 5222 1326 5273 aut
1338 5216 1495 5290 quomodo
1508 5216 1593 5272 Petro
1608 5213 1721 5271 volenti
1737 5220 1768 5273 nt

941 5311 1035 5362 totum
1051 5322 1082 5361 se
1095 5305 1215 5369 lavaret,
1232 5305 1421 5378 responderit
1437 5321 1443 5360 :
1460 5305 1517 5372 Oui
1528 5305 1607 5360 lotus
1617 5309 1658 5361 eet
1668 5304 1768 5370 semel,

941 5399 1191 5464 aeneumoportet
1200 5395 1307 5451 iterum
1320 5393 1426 5458 hauri,
1436 5394 1486 5449 sed
1498 5400 1540 5449 est
1548 5395 1678 5450 mundus
1688 5398 1768 5450 totus

941 5483 999 5555 (ld.
1016 5498 1076 5547 xnr,
1092 5483 1148 5554 to.)
1161 5481 1290 5540 Perfecta
1301 5482 1381 5540 enim
1392 5482 1548 5541 mundatio
1559 5498 1619 5541 non
1635 5483 1666 5540 iu
1677 5484 1767 5540 toan·
