3952 6128
92 65 154 181 sii
191 96 194 101 ’
708 89 968 170 interminati
985 93 1131 173 ιιιιιιιι
1151 111 1187 173 ιι.
1747 125 1803 187 m

90 246 203 304 ιιιιπιιι
215 222 431 321 purificationis,
445 236 527 299 donee
537 215 686 311 offerretur
699 254 750 311 pro
767 252 925 310 unaquaque
978 237 1025 294 r'ia
1038 240 1075 296 sit
1088 240 1190 297 locutus
1205 241 1248 299 isis
1260 258 1319 315 qux
1333 244 1389 317 ipse
1402 254 1539 320 ιιιιιιιιι,ο
1550 247 1597 306 ιιι
1607 266 1692 323 quan
1706 251 1807 311 pium

92 320 192 393 iarum
208 334 309 392 oblatio
327 352 342 386 s
357 332 432 405 (Aet.
451 347 511 398 xxi,
527 330 626 402 tato).
644 328 666 385 0
684 328 778 398 Paule,
800 332 825 382 ιι
838 327 867 381 iu
881 326 928 382 lton
979 345 1020 384 eos
1034 330 1082 401 qui
1095 345 1132 387 ex
1144 330 1272 389 Gentibus
1283 342 1372 401 erant,
1381 336 1530 408 judaizare
1542 342 1727 413 compelleret.

90 432 228 482 terursus
239 424 394 495 interroqo,·
406 438 456 479 eur
467 428 546 493 capnt
557 421 674 485 raseris,
685 435 735 474 cur
751 414 927 489 nudipedalia
1018 417 1060 473 13.
1079 420 1141 474 Huc
1162 438 1224 494 erqo
1239 439 1344 479 summa
1359 431 1397 480 est
1416 428 1580 498 questionis,
1596 430 1650 486 ima
1668 432 1809 489 sentents'x

94 514 251 572 ιιιιιιιιιιι
278 514 310 571 de
339 511 495 571 cerimoniis
521 509 689 574 ludunum,
720 523 770 564 cur
797 504 927 562 obtuleris
979 512 1044 576 tux,
1060 515 1090 564 ut
1104 516 1162 581 post
1181 511 1357 584 annqels'um
1373 514 1489 581 Christi,
1510 517 1574 572 bene
1591 518 1699 590 ιιιιιιι
1717 519 1810 577 Judxi

92 604 244 675 sacrificia,
268 611 293 660 et
319 602 463 661 secundum
488 602 580 672 Leqem
601 598 698 656 bostiae
711 613 761 669 pro
779 595 928 666 seruerim
978 596 1124 666 credentes,
1139 599 1165 654 si
1176 599 1254 672 Leqis
1272 603 1402 659 mandata
1420 605 1593 676 custodiant,·
1608 607 1654 663 bac
1674 614 1712 664 est
1723 610 1749 665 si
1766 627 1810 666 sa·

94 690 272 750 immolatx?
294 692 391 765 Utique
412 687 601 763 respondebis:
616 688 657 744 Ne
670 685 928 743 scandalizarentur
979 686 1083 758 orificiis
1102 687 1219 758 offerant
1237 707 1296 762 qux
1310 691 1407 748 obtulit
1423 693 1534 765 Panisos,
1551 694 1657 768 siblios
1667 698 1809 755 eircumci-

91 783 144 856 qui
156 796 193 840 ex
210 780 312 839 luderis
326 778 511 838 crediderant.
526 777 670 834 simulasti
681 793 741 849 erqo
754 774 882 831 Judoeum
896 780 927 831 ut
979 775 1058 840 dant,
1072 776 1097 830 si
1110 776 1249 834 sabbatum
1270 789 1386 848 seruent,
1401 790 1430 837 ut
1453 783 1556 840 Paulus
1571 787 1602 841 in
1624 787 1769 855 Timotheo,
1782 794 1808 845 et

90 870 202 929 Judoeas
216 871 290 928 lucri
301 872 406 942 laceres
420 875 469 935 ,·ιι
483 867 552 923 banc
565 867 653 939 ipsam
667 863 869 922 simulationem
879 862 928 918 lo·
980 880 1069 920 omnes
1080 864 1359 925 inconverienter,
1367 869 1398 926 Si
1412 871 1460 927 boc
1471 889 1563 928 omum
1574 882 1622 941 est,
1636 875 1666 930 in
1681 876 1809 933 Gsrs'ntbi

91 948 176 1018 cubus
186 968 212 1017 et
221 961 311 1017 exteri
323 967 349 1017 te
356 959 468 1015 docuere
479 956 649 1030 presbyteri:
662 954 707 1011 sed
715 961 804 1009 tamen
816 951 928 1008 evadere
979 960 1005 1009 et
1019 952 1134 1010 Ebionis
1146 955 1269 1014 baresim
1283 958 1446 1027 delabimur,
1460 961 1510 1033 qui
1528 962 1662 1019 credentes
1677 965 1707 1019 in
1728 965 1809 1022 Citri-

91 1067 149 1107 non
157 1050 283 1123 potuisti.
295 1048 364 1108 arse
379 1048 451 1105 enim
465 1047 596 1103 seditione
609 1062 669 1102 eum
683 1042 927 1107 occidendusesses,
979 1046 1325 1116 stum,propterboosolum
1336 1048 1485 1120 apatribus
1495 1051 1724 1109 anatlscmotisati
1732 1060 1806 1120 sunt,

92 1147 194 1213 raptus
212 1156 239 1196 ιι
263 1157 281 1196 a
306 1137 429 1203 trebuno,
445 1143 471 1193 et
486 1134 520 1191 ab
533 1152 562 1191 eo
589 1135 685 1191 missus
700 1133 860 1197 cessaream,
880 1128 929 1186 tub
980 1132 1049 1204 quod
1061 1133 1306 1206 Leqs'scerimanias
1321 1139 1808 1211 Cisrists'annqeliomiscuerunt,et

90 1228 216 1285 cutodia
233 1228 355 1285 rnilitum
373 1225 510 1299 diliqenti‚
531 1241 563 1280 ne
577 1231 603 1280 te
616 1223 706 1280 iudai
718 1223 797 1295 quaei
815 1219 928 1277 simula·
979 1222 1018 1276 sic
1032 1238 1100 1277 nona
1114 1224 1314 1295 confessisunt,
1330 1234 1360 1282 ut
1377 1234 1468 1283 oetesu
1486 1245 1538 1285 non
1554 1232 1718 1287 omitterent.
1736 1231 1810 1299 Quid

93 1325 181 1375 tarem
207 1335 239 1375 ac
252 1317 449 1376 destinatorem
468 1314 546 1387 beqis
572 1313 743 1377 acciderent:
763 1318 842 1383 atque
865 1308 928 1364 inde
979 1309 1068 1367 dicam
1083 1311 1114 1368 de
1129 1312 1277 1382 Ebionitis,
1290 1316 1337 1387 qui
1354 1316 1524 1374 Gbrs'stionos
1538 1336 1590 1375 esse
1608 1337 1635 1376 ιι
1654 1320 1811 1379 simulant?

95 1407 211 1465 Romans
232 1406 404 1481 perveniens,
421 1406 451 1460 in
466 1403 582 1475 bospitio
600 1401 669 1475 quod
684 1400 736 1457 tibi
748 1400 926 1466 conduxeras,
984 1399 1070 1472 Usque
1089 1401 1168 1457 lsads’e
1179 1420 1230 1474 per
1243 1410 1312 1460 totas
1322 1405 1443 1462 Orientis
1452 1424 1598 1480 sqnoqoqos
1615 1411 1691 1466 inter
1698 1408 1810 1467 Judoeos

96 1496 239 1555 cbristusn
252 1502 279 1552 et
289 1495 392 1552 iudicis
405 1501 431 1549 et
443 1491 573 1550 Gentibus
589 1490 748 1565 pradieasti
756 1506 769 1549 .·
783 1497 812 1546 et
825 1495 928 1546 senten·
980 1488 1088 1546 baresis
1097 1498 1147 1558 cst,
1158 1508 1217 1563 quae
1230 1493 1503 1564 diciturbiinearum‚
1516 1505 1565 1554 eta
1576 1498 1726 1555 Pborisoeis
1737 1515 1809 1556 nuno

95 1586 140 1643 tia
155 1590 204 1643 tua
221 1581 613 1656 tricenisqtoes'oeonqtrmoeo
627 1589 664 1638 est
681 1581 755 1648 teiot.
778 1596 859 1647 xxiii,
880 1581 926 1646 ιι,
981 1594 1063 1650 usque
1074 1578 1230 1647 damnatur,
1252 1599 1315 1654 quos
1328 1583 1406 1655 oulqa
1417 1584 1564 1641 Nasaraos
1575 1593 1743 1659 nuncupant,
1758 1586 1807 1661 qui

94 1680 122 1733 es
141 1691 244 1742 mni,
264 1677 307 1744 lb,
321 1673 377 1746 30).
979 1667 1277 1727 ereduntindlsristum
1285 1671 1810 1748 Filiumllei‚natumdeoirqineilaria,·

137 1764 180 1821 tt.
200 1762 358 1821 Didicimus
374 1760 444 1834 quad
461 1764 576 1832 propter
594 1765 693 1814 metum
710 1757 879 1825 Judaarum,
902 1763 928 1812 et
979 1761 1004 1810 st
1022 1772 1079 1811 eum
1092 1756 1186 1813 dicunt
1196 1775 1258 1824 esse,
1273 1760 1325 1831 qui
1337 1759 1386 1816 sub
1396 1763 1496 1818 Pontio
1510 1761 1604 1819 Pilato
1613 1780 1706 1836 passus
1720 1770 1769 1833 ιιι,
1782 1770 1809 1821 ιι

95 1852 198 1909 Petrus
207 1858 233 1908 et
247 1849 351 1908 Paulus
362 1848 505 1923 aqualiter
518 1847 653 1920 finxerint
666 1863 693 1903 ιι
706 1845 783 1918 Leqis
793 1854 928 1919 procepta
980 1847 1144 1913 resurrexit,
1159 1848 1189 1902 in
1199 1864 1275 1920 quem
1289 1856 1313 1905 et
1325 1866 1374 1905 nos
1384 1850 1520 1907 credimus
1530 1869 1538 1907 .·
1549 1853 1594 1908 sed
1602 1852 1666 1909 dum
1678 1853 1771 1909 volunt
1782 1858 1810 1909 et

94 1939 482 2013 seroarnQuoiqiturtronte,
491 1954 544 2010 qua
553 1936 670 1992 audacia
683 1933 786 1991 Paulus
797 1936 825 1991 iu
840 1939 928 1992 attero
978 1932 1163 1991 iudoeiesseet
1178 1936 1345 2006 Christiani,
1354 1939 1500 1995 neobudai
1509 1947 1572 1996 sunt
1583 1941 1807 1999 neeGbristiani.

95 2029 277 2105 reprehendat
289 2028 359 2103 quod
373 2029 429 2101 ipse
440 2026 596 2084 commisit?
607 2026 672 2098 Epo,
687 2028 740 2081 imo
749 2025 805 2082 alii
813 2033 876 2082 ante
887 2040 927 2082 me
981 2023 1036 2079 Ora
1048 2039 1111 2095 erqo
1124 2032 1149 2081 te
1161 2034 1202 2090 ut,
1215 2027 1262 2099 qui
1275 2035 1366 2083 nostro
1380 2029 1536 2085 vulnusculo
1546 2031 1701 2087 medendum
1714 2039 1807 2104 putas,

94 2126 279 2193 exposuerunt
296 2135 404 2175 causam
422 2134 503 2190 quam
520 2122 695 2188 putaverant,
710 2132 762 2170 nan
779 2114 928 2185 officiosum
979 2112 1049 2185 quad
1059 2130 1110 2169 ιιι
1123 2115 1256 2185 foratum,
1270 2117 1324 2171 imo
1336 2125 1475 2189 punctum,
1488 2126 1518 2175 ut
1531 2119 1647 2186 dicitur,
1654 2120 1736 2193 buius
1749 2137 1807 2176 sen·

95 2210 268 2267 mendacium
285 2206 463 2281 defendentes,
480 2206 549 2262 sicut
570 2213 601 2262 ιιι
618 2204 726 2272 scribis,
743 2205 788 2260 sed
809 2204 929 2260 ιιιιιιιιιι
979 2203 1072 2258 tentiae
1084 2203 1216 2259 medearis
1228 2204 1345 2261 uulneri,
1359 2206 1429 2278 quad
1443 2208 1546 2273 lancea,
1561 2211 1596 2275 et,
1612 2217 1641 2265 ut
1655 2209 1695 2265 ito
1704 2208 1806 2278 dicam,

95 2300 234 2357 bonestasu
254 2296 479 2370 dispensationem
493 2317 504 2367 ,·
518 2302 548 2350 ιιι
563 2301 588 2351 ιι
607 2294 797 2368 Apostolorum
809 2293 926 2367 pruden-
978 2290 1139 2361 pictor-tec
1147 2293 1187 2365 (a)
1199 2296 1270 2350 mole
1277 2311 1433 2367 percussum
1440 2305 1490 2352 est.
1502 2296 1594 2370 Neque
1606 2298 1807 2369 soimejusaen

95 2390 167 2446 tiam
177 2386 403 2451 demonstrarent,
416 2390 441 2441 et
455 2383 664 2457 blasphemantis
679 2383 830 2456 Porpbprii
840 2384 928 2456 impu·
979 2381 1184 2437 estsriminisin
1191 2382 1383 2453 explanatione
1391 2384 1605 2457 scripturarum
1617 2387 1739 2443 diuersas
1750 2403 1807 2443 ma·

95 2477 219 2534 dentiam
230 2481 392 2541 coercerent,
400 2474 448 2547 qui
457 2474 567 2529 Petrum
578 2480 603 2529 ιι
615 2471 733 2529 Paulum
745 2472 928 2545 puerilidicit
974 2468 1070 2540 iarum
1096 2472 1242 2527 sententias
1259 2489 1369 2544 ponere,
1392 2480 1416 2528 et
1437 2475 1561 2531 baresim
1574 2474 1807 2533 sceleratissimam

95 2568 173 2624 inter
186 2583 216 2623 ee
227 2581 359 2639 puqnasee
369 2564 536 2628 certamine;
552 2564 607 2618 imo
620 2563 751 2618 exarsisse
765 2561 880 2618 Paulum
897 2562 927 2618 in
980 2574 1091 2615 rursum
1100 2560 1129 2615 in
1139 2559 1295 2618 Ecclesiam
1304 2562 1485 2619 introducere.
1501 2563 1550 2619 Sin
1564 2572 1655 2621 autem
1663 2565 1717 2622 bac
1732 2565 1808 2621 nabis

96 2655 232 2713 inuidiam
246 2656 382 2711 uirtutum
394 2651 514 2715 Petri.et
526 2668 556 2706 ea
569 2651 708 2724 scripsisse
714 2652 856 2723 jactanter
867 2668 927 2724 qux
980 2647 1111 2704 incumbit
1121 2652 1271 2718 necessitas,
1282 2658 1311 2707 ut
1324 2651 1430 2707 ludoeas
1438 2669 1497 2710 cum
1509 2652 1638 2725 leqitimis
1651 2656 1709 2711 suis
1721 2655 1808 2711 susei-

93 2744 139 2802 oel
150 2762 207 2821 nan
218 2742 323 2817 fecerit,
339 2741 381 2797 nel
398 2739 539 2812 siseesrit,
553 2740 706 2813 procaciter
726 2740 832 2813 lecerit,
848 2740 878 2796 id
896 2740 927 2796 in
978 2737 1096 2809 piamus,
1110 2745 1135 2794 et
1149 2738 1240 2796 iicebit
1252 2739 1441 2797 eisobseroare
1451 2742 1611 2799 incoelesiis
1620 2743 1807 2816 Gbristiquad

93 2834 152 2891 aiio
165 2830 371 2905 'reprebendens
391 2829 460 2902 quod
478 2830 534 2901 ipse
551 2829 724 2885 commiserit.
744 2829 927 2901 interpretati
979 2835 1158 2883 exercuerunt
1165 2829 1738 2904 insqnachissatonae,dicamquodsentio:
1754 2850 1808 2890 non

93 2929 160 2980 sunt
177 2920 228 2977 illi
241 2927 274 2978 ut
287 2925 435 2992 potuerunt
446 2935 456 2984 ;
469 2926 499 2975 tu
512 2918 639 2991 quomodo
656 2916 736 2975 istum
752 2917 836 2974 lacum
859 2917 927 2974 edis·
978 2914 1026 2972 illi
1040 2916 1196 2974 Cbristiani
1207 2919 1282 2991 fient,
1298 2919 1343 2975 sed
1356 2937 1404 2975 nos
1421 2919 1529 2976 iudces
1542 2923 1651 2991 [acient.

93 3010 195 3069 seres?
219 3009 316 3082 Utique
334 3007 448 3064 meliora
465 3007 600 3074 dicturus,
613 3006 662 3080 qui
679 3014 795 3064 ueterum
819 3013 928 3063 senten·
1016 3006 1061 3062 tt.
1084 3007 1151 3074 Quis
1165 3008 1237 3063 enirn
1249 3008 1296 3064 boc
1310 3008 1533 3065 durissimorum
1546 3011 1683 3081 patienter
1696 3012 1804 3078 audiat,

94 3103 167 3159 tiam
183 3098 345 3173 reprobasti.
978 3093 1085 3166 quadiu
1098 3101 1145 3150 tua
1155 3097 1267 3168 epistola
1275 3097 1597 3153 continesorsntutons
1609 3107 1668 3156 erat
1679 3099 1810 3172 Paulus,-

133 3188 252 3247 curat
271 3187 314 3243 Ν.
330 3217 365 3228 -
378 3186 422 3242 ib.
435 3184 541 3243 Scribis
555 3184 595 3241 ad
609 3184 688 3242 mein
702 3183 815 3256 epistola
827 3192 874 3241 ιιι
886 3185 925 3260 (ι)
980 3182 1156 3240 Christianus
1171 3192 1260 3241 autem
1273 3186 1372 3257 sactus,
1394 3202 1445 3242 non
1464 3186 1619 3244 Judaarum
1634 3196 1805 3245 sacramenta

98 3302 110 3331 ι
133 3278 227 3352 Neque
241 3278 313 3333 enim
327 3294 344 3332 a
358 3293 398 3333 me
412 3275 542 3332 doeendus
561 3292 597 3342 es,
613 3275 739 3348 quomodo
754 3274 927 3347 intelliqatur
979 3274 1141 3346 reliquerat,
1165 3291 1223 3347 quoe
1235 3277 1420 3331 conuenienter
1435 3275 1481 3332 ille
1494 3262 1619 3349 populus,
1641 3285 1666 3334 et
1687 3278 1807 3350 leqitima

94 3364 927 3443 quodidemsipostolusdioit,inctussiimbudaeisianquem
981 3367 1095 3434 lembore
1113 3379 1164 3435 ιιι)
1176 3363 1323 3434 ιιθιΐθόιῑ,
1338 3371 1475 3435 allelmi
1491 3382 1500 3421 ··
1516 3365 1624 3439 litoque
1635 3368 1752 3440 maepil
1766 3384 1808 3424 tt·

96 3453 757 3527 snocuumtuunostueruocerem(1coe.11,
771 3455 827 3522 ιθ),
841 3460 868 3510 ιι
879 3470 930 3511 ιιι-
983 3450 1115 3508 lebrando
1125 3470 1157 3507 ea
1170 3470 1230 3509 cum
1238 3453 1299 3526 jam
1312 3453 1418 3511 Christi
1430 3461 1493 3510 esset
1506 3456 1652 3526 apostolus,
1661 3463 1693 3513 ut
1702 3456 1807 3514 doceret

97 3553 160 3603 tera
172 3561 234 3619 qux
255 3543 297 3600 ibi
317 3543 449 3600 dicuutur
461 3542 639 3616 compassione
653 3543 858 3610 misericordiae,
874 3560 931 3600 nan
982 3558 1094 3598 noneste
1105 3543 1305 3611 perniciosaisis
1318 3544 1366 3616 qui
1378 3561 1409 3599 ea
1422 3544 1528 3615 uellent,
1539 3548 1633 3602 sicula
1642 3546 1806 3618 parentibus

96 3634 274 3693 simulatione
287 3632 407 3703 fallacius
419 3634 440 3688 ¹.
452 3630 501 3689 Fit
511 3632 582 3688 enim
594 3639 722 3705 tanquam
736 3632 869 3705 aqer,qui
880 3633 931 3688 mi·
979 3648 1030 3704 per
1042 3631 1140 3704 beqem
1149 3638 1314 3704 acceperant,
1330 3633 1500 3688 custodire.»
1515 3633 1635 3691 Rursum
1651 3635 1806 3701 obsecrate,

96 3726 201 3780 nistrct
215 3728 331 3795 xqroto,·
342 3738 394 3777 nan
405 3737 465 3778 cum
479 3737 505 3776 ιι
517 3720 605 3791 febres
620 3718 715 3776 babere
729 3721 875 3787 mentitur,
885 3720 931 3777 sed
982 3728 1012 3777 ut
1033 3737 1097 3792 pace
1108 3728 1156 3776 tua
1174 3737 1261 3777 meum
1277 3720 1394 3777 dolorem
1409 3722 1516 3779 audias.
1531 3723 1688 3780 Judaorum
1702 3724 1806 3781 Paulus

95 3830 158 3870 cum
171 3813 266 3869 animo
276 3809 440 3869 condolentis
452 3810 551 3883 sopitat
571 3809 794 3882 quemadmodum
807 3809 861 3865 sibi
873 3827 928 3866 ser-
980 3809 1143 3865 cerimonias
1156 3809 1320 3876 obseruabat,
1337 3826 1397 3866 oum
1406 3810 1465 3881 jam
1481 3810 1586 3867 curisti
1599 3829 1652 3867 esse
1661 3812 1806 3885 apostolus,

96 3902 158 3959 oiri
170 3900 297 3969 uellet,si
306 3902 363 3973 ipss
377 3904 532 3972 aqrotaret.
545 3898 613 3955 iiam
627 3901 722 3972 utique
733 3899 843 3956 Judaus
853 3907 929 3959 erat:
981 3906 1006 3954 ιι
1022 3899 1092 3954 dicis
1108 3922 1119 3950 ι
1140 3916 1184 3954 eas
1198 3916 1251 3954 uon
1265 3915 1318 3955 csse
1330 3900 1495 3970 perniciosas
1512 3900 1555 3955 bis
1568 3900 1617 3973 qui
1636 3918 1679 3956 eos
1697 3899 1806 3968 oellent,

98 3992 279 4050 Cisistianus
291 3996 381 4048 autem
401 3989 500 4062 factus,
514 4006 567 4044 nan
587 3989 745 4046 ludecanum
758 3996 929 4046 sacramenta
980 3987 1053 4043 siout
1064 4005 1082 4043 a
1095 3986 1253 4060 parentibus
1267 3995 1434 4060 acceperant,
1447 3988 1596 4047 custodire.
1617 4010 1631 4042 ι
1647 3990 1731 4063 que
1746 4006 1808 4047 ean·

96 4083 260 4156 reliquerat,
277 4094 338 4154 qux
353 4078 540 4136 conuenienter
561 4078 610 4134 ille
623 4079 750 4152 populus,
765 4086 790 4135 et
811 4078 929 4151 beqitimo
983 4078 1188 4150 trarioloquar,
1197 4084 1222 4133 et
1229 4077 1396 4134 reclamante
1406 4078 1517 4143 mundo,
1525 4077 1612 4134 libera
1623 4095 1808 4152 rocepronun·

95 4178 216 4245 tempore
230 4186 282 4243 qua
295 4168 443 4242 oportebat,
459 4175 597 4240 acceperat
612 4185 621 4223 .·
642 4167 750 4240 ideoque
763 4168 876 4240 suscepit
898 4184 929 4224 ea
981 4168 1055 4233 tiem,
1070 4167 1229 4222 cerimonias
1243 4166 1398 4223 ludamum
1410 4172 1435 4222 et
1442 4168 1610 4239 perniciosas
1623 4185 1686 4231 esse,
1697 4175 1723 4224 ιι
1737 4186 1808 4225 mor-

95 4258 260 4318 selcbrauda
272 4259 397 4331 cumjam
414 4256 522 4315 Gbrs'sti
535 4263 600 4313 esset
613 4258 760 4330 apostolus,
777 4264 806 4315 ut
824 4256 928 4314 doceret
982 4256 1078 4327 tiscras
1090 4256 1260 4313 (lbrists‘anie
1271 4262 1313 4323 ,·ιι
1327 4256 1487 4328 quicumque
1499 4273 1544 4313 eas
1551 4257 1741 4325 observaverit,
1752 4258 1809 4314 sioe

94 4367 152 4407 nan
165 4366 222 4406 esse
233 4349 386 4420 perniciosa
398 4347 441 4403 bis
449 4346 498 4420 qui
506 4363 537 4403 ea
549 4346 731 4413 vellent,siout
741 4364 759 4402 a
770 4346 930 4418 parentibus
981 4363 1014 4401 ex
1025 4345 1144 4413 lueloeis,
1154 4345 1208 4401 siae
1220 4362 1254 4401 ex
1268 4344 1407 4413 Gentibus,
1418 4363 1477 4401 eum
1490 4346 1518 4400 in
1530 4345 1693 4402 baratlsrum
1706 4346 1815 4402 diaboli·

95 4439 251 4514 perbeqrsn
260 4444 426 4511 acceperant,
436 4436 668 4502 custodire,etiam
677 4437 773 4491 eumin
788 4435 926 4493 Cisristum
980 4435 1144 4491 devolutum.
1157 4454 1172 4487 n
1185 4434 1349 4490 Finisenim
1368 4435 1449 4506 Leqis
1464 4435 1602 4501 Cbristus,
1618 4435 1805 4505 adjustitiam

94 4528 277 4586 credidissent
288 4549 300 4598 ;
311 4542 365 4583 non
380 4532 468 4583 tamen
483 4525 512 4581 in
530 4525 568 4580 eis
579 4525 636 4597 q'om
650 4526 843 4581 constituerent
857 4542 927 4597 spem
980 4526 1055 4580 ausui
1064 4524 1194 4590 credenti,
1209 4524 1305 4580 Juaco
1316 4523 1419 4579 seilicet
1428 4531 1453 4580 et
1466 4524 1573 4581 Gentili
1588 4547 1602 4575 ι
1613 4525 1700 4597 (iiam.
1717 4542 1745 4593 1,
1760 4528 1808 4597 b),·

93 4618 207 4683 salutis,
224 4617 352 4691 quoniam
367 4632 420 4689 per
438 4616 582 4672 Doms'nnos
596 4615 686 4671 besum
698 4613 772 4671 salus
788 4615 847 4687 ipsa
869 4631 928 4687 qux
980 4629 1062 4685 neque
1085 4612 1158 4668 enim
1173 4612 1248 4667 omni
1265 4611 1386 4668 credenti
1404 4613 1458 4667 erit
1477 4612 1541 4684 finis
1558 4612 1595 4668 ad
1608 4613 1763 4685 jttstitiam,
1783 4613 1810 4670 si

95 4706 160 4765 illis
182 4706 358 4763 sacramentis
382 4704 597 4778 siqnifirabatum
622 4703 776 4760 aduenerat.
798 4725 812 4754 n
836 4704 929 4760 Totius
980 4701 1094 4759 ludoeus
1107 4702 1255 4773 excipitur.
1269 4702 1307 4757 Et
1321 4704 1351 4756 in
1366 4701 1514 4774 annqelio
1531 4702 1643 4775 leqimus
1658 4722 1669 4760 .·
1686 4704 1772 4760 sLex
1783 4710 1809 4759 et

94 4794 230 4853 sersnonis
241 4796 291 4862 tui,
301 4812 377 4868 quem
385 4795 568 4867 disputatione
583 4792 738 4866 lonqissima
750 4792 928 4866 protraxisti,
980 4792 1122 4864 Propbetx
1141 4807 1222 4863 usque
1236 4790 1272 4845 ad
1284 4789 1415 4847 Jaannem
1436 4791 1586 4863 baptistam
1602 4814 1615 4846 s
1637 4793 1750 4865 (blattis.
1766 4808 1807 4858 xi,

96 4885 143 4943 bia
156 4900 252 4942 sensus
265 4890 304 4941 est
328 4889 358 4940 ut
372 4883 470 4940 Petrus
483 4900 536 4939 non
551 4883 689 4938 errauerit
705 4882 735 4937 in
755 4899 784 4938 ιι
803 4882 872 4955 quod
885 4882 929 4938 bis
984 4884 1026 4947 ιι,
1041 4888 1067 4937 ιι
1083 4880 1147 4937 buc.
1160 4896 1221 4946 xvi,
1231 4879 1285 4951 ib).
1303 4880 1365 4937 «tte
1381 4880 1411 4935 in
1424 4880 1481 4937 alio
1494 4881 1548 4938 loco
1562 4899 1570 4937 .·
1583 4885 1729 4955 Propterea
1745 4897 1809 4952 erqo

97 4976 145 5048 qui
158 4992 197 5031 ex
220 4972 323 5031 Judais
336 4971 524 5038 crediderant,
539 4972 676 5044 putauerit
692 4971 784 5045 Leqem
807 4988 859 5027 esse
873 4989 929 5028 ser·
980 4969 1226 5043 maqisquarebant
1236 4986 1296 5026 eum
1302 4968 1394 5026 Judai
1406 4968 1568 5043 interficere,
1578 4972 1646 5044 quia
1656 4988 1709 5026 non
1722 4969 1807 5025 solunt

99 5062 216 5119 eandam
230 5076 240 5129 ;
252 5059 299 5117 sed
312 5060 342 5116 in
357 5076 386 5116 ea
399 5077 417 5115 a
430 5058 498 5116 recti
513 5059 585 5115 linea
599 5058 727 5126 deviarit,
744 5059 816 5132 quod
832 5059 928 5116 Gentes
980 5059 1095 5117 soloebat
1113 5059 1263 5126 sabbatum,
1287 5059 1332 5115 sed
1355 5065 1381 5114 et
1404 5060 1510 5116 Patrem
1528 5078 1606 5116 suum
1624 5058 1728 5115 dicebat
1751 5074 1804 5115 esse

98 5150 218 5225 casqerit
228 5148 385 5223 judaizare.
401 5146 523 5221 Coeperit
542 5155 631 5204 autem
646 5164 699 5203 non
714 5147 832 5205 docentis
846 5149 928 5222 impe·
981 5149 1075 5215 Deum,
1091 5150 1217 5220 aqualem
1231 5165 1257 5204 se
1270 5148 1372 5220 [aciens
1386 5148 1443 5206 Deo
1458 5169 1472 5201 ι
1488 5148 1579 5219 (ioan,
1595 5162 1620 5216 s,
1639 5146 1693 5219 tu).
1706 5147 1742 5203 tu
1755 5147 1812 5204 ite«.

97 5241 155 5308 ria,
167 5238 214 5297 sed
226 5239 437 5298 conuersationis
448 5238 576 5310 exemplo.
587 5236 624 5294 Et
637 5238 741 5295 Paulus
755 5255 806 5294 non
818 5244 927 5296 eontra-
980 5255 1043 5295 rum
1061 5260 1071 5293 .·
1087 5258 1100 5290 ι
1116 5238 1156 5293 lie
1167 5236 1339 5309 plenitudine
1357 5240 1414 5309 ejus
1432 5253 1479 5293 nos
1492 5253 1580 5292 amites
1598 5236 1761 5309 accepimus,
1775 5242 1810 5294 et

131 5401 222 5453 *iesu
242 5402 304 5453 octo
327 5414 334 5451 ι
357 5399 541 5464 conpositam
560 5398 732 5463 ιιιιιιιιιιι,
749 5414 803 5452 non
822 5397 929 5454 stmulo-
1012 5402 1048 5463 te)
1061 5398 1197 5450 Phalerico
1213 5411 1299 5462 genus
1321 5398 1366 5447 teti
1388 5401 1437 5454 est,
1462 5397 1491 5471 iq
1515 5397 1624 5448 modum
1641 5397 1726 5449 hostes
1740 5410 1806 5464 prn-

98 5466 171 5517 tiana
183 5463 287 5527 Ιιιιιιι.
979 5463 1074 5527 grandi
1087 5462 1156 5513 terro
1169 5462 1312 5518 munitum,
1323 5459 1396 5524 quod
1406 5459 1540 5510 tortilibus
1548 5462 1697 5519 normenut
1706 5461 1805 5515 muchi-

132 5532 169 5593 ιιι
187 5528 270 5594 x'pisl.
283 5526 325 5586 tt.
338 5538 367 5578 ιι.
382 5526 409 5577 b.
980 5539 1017 5579 nu
1033 5525 1152 5591 quodem
1166 5524 1261 5576 bellios
1273 5536 1372 5588 nunqua
1386 5523 1488 5588 impetu
1504 5523 1669 5583 mittebstus.
