3952 6128
63 170 119 236 bib

64 311 195 378 ticinen
207 312 314 367 estnisi
326 315 498 369 renatorum
503 330 512 384 ;
524 313 673 385 quodnisi
685 312 746 369 nati
756 311 894 368 homines

690 166 949 234 EPISTOLARUM
969 170 1118 232 classis
1137 170 1188 232 ΙΙΙ.

1721 172 1776 239 846

948 314 1006 367 eta
1022 311 1109 367 nobis
1124 318 1225 368 autem
1240 314 1269 368 et
1283 311 1389 369 abillis
1405 311 1522 369 tuturus
1537 320 1726 387 exspectatur
1735 316 1776 374 ad

61 416 129 456 esse
143 416 203 457 non
219 406 356 471 possunt.
370 401 577 459 Nullusautem
590 401 721 459 vitamin
733 416 794 474 qua
805 404 894 457 natus
943 399 1092 470 judicium
1108 402 1173 470 ejus
1193 400 1351 457 adventus.
1371 404 1433 458 Non
1461 406 1505 458 est
1519 402 1598 458 eninr
1623 403 1705 461 aliud
1725 406 1778 462 Dei

61 493 119 553 est,
136 489 211 545 bene
227 490 319 554 liniet,
335 490 390 545 nisi
405 494 529 546 renatus
548 496 712 564 antequam
727 489 821 545 liniat.

96 579 141 635 33.
155 579 274 645 Quodsi
286 579 449 651 quisquam
460 581 531 635 dicit
537 580 601 652 jam
612 596 675 636 esse
685 585 789 635 natum
799 577 895 634 homi·

58 667 426 732 nem,etiamcornadhnc
438 673 483 725 est
498 669 526 724 in
540 675 623 725 utero
633 668 747 734 matris,
758 667 894 722 testimo·

59 757 206 830 niumque
227 756 347 813 adhibet
358 773 393 812 ex
407 757 578 829 Evangelio,
592 758 663 830 quia
673 757 788 812 dictum
803 755 895 811 estad

61 846 174 918 ioseph
188 846 225 902 de
239 852 414 917 pregnante
426 846 543 917 Virgine
556 846 676 902 Domini
691 850 796 907 matre,
813 844 896 910 Quart

63 936 142 992 euim
157 936 188 990 in
204 950 237 992 ea
247 941 352 991 notum
366 941 416 999 est,
430 936 466 992 de
476 935 592 1002 Spiritu
604 941 707 991 sancto
716 940 757 991 est
770 933 893 1005 (Mattb.

60 1040 82 1090 r,
96 1024 143 1095 20)
154 1043 161 1092 ;
173 1024 393 1096 numquidnam
405 1024 474 1079 huic
482 1023 628 1080 nativitati
638 1023 752 1079 accedit
762 1023 895 1078 secunda

63 1114 203 1169 nativitas
218 1113 232 1169 t
246 1112 381 1184 Alioquin
395 1128 455 1168 non
471 1113 525 1169 erit
533 1113 596 1184 jum
616 1111 759 1177 secunda,
774 1110 827 1167 sed
840 1114 895 1167 ter·

64 1202 115 1258 tia.
127 1202 269 1259 [laurinus
282 1206 382 1256 autem
394 1217 463 1256 cum
475 1201 733 1273 hinuloqueretur,
743 1200 808 1256 Nisi
816 1200 894 1272 quis,

64 1290 172 1364 inquit,
184 1297 307 1348 renatus
320 1290 414 1359 scierit
429 1291 526 1347 denuo
537 1291 634 1361 (loon.
651 1306 690 1355 ιιι,
709 1290 736 1360 3)
747 1305 830 1356 ;eam
841 1288 895 1344 sci·

63 1380 133 1439 licet
147 1384 327 1451 computans
336 1380 464 1451 primam
476 1380 672 1448 nativitatem,
682 1394 749 1450 quae
759 1377 792 1433 fit
801 1383 895 1434 matre

61 1469 210 1542 pariente,
224 1483 285 1523 nou
299 1467 484 1539 concipiente
500 1473 589 1541 atque
600 1465 895 1539 praegnantequmllt

64 1574 101 1614 ex
115 1574 161 1623 ea,
178 1573 239 1614 non
252 1573 320 1629 quae
335 1556 368 1612 tlt
383 1558 413 1612 in
429 1572 475 1614 ea.
491 1557 591 1628 Neque
606 1557 687 1612 enim
700 1561 838 1612 renatum
852 1554 895 1609 di·

63 1647 161 1705 cimus
177 1646 331 1703 bominem
341 1661 432 1718 quem
445 1650 541 1701 mater
549 1645 672 1718 peperit,
686 1649 831 1715 tanquam
842 1644 893 1700 ite·

62 1753 131 1793 rum
144 1739 233 1792 natus
245 1735 292 1803 sit,
303 1736 355 1806 qui
366 1735 430 1806 jam
441 1732 534 1790 semel
545 1731 775 1789 uatustueratin
790 1736 891 1788 utero:

63 1824 117 1881 sed
135 1825 185 1881 illa
203 1822 359 1880 nativitate
386 1838 446 1879 uon
463 1827 637 1895 computata
652 1838 720 1893 quae
736 1820 893 1891 gravidam

60 1912 144 1981 tacit,
161 1919 248 1969 uatus
264 1912 371 1968 dicitur
386 1912 478 1968 homo
495 1917 592 1983 partu,
610 1915 641 1967 ut
664 1910 758 1982 possit
778 1911 893 1967 renasci

63 2019 100 2060 ex
112 2019 194 2075 aqua
208 2006 236 2056 ct
248 1999 368 2073 Spiritu.
387 2000 558 2057 Secundum
574 2015 668 2072 quam
682 2014 718 2055 ex
735 2003 828 2055 matre
841 2013 894 2054 na·

64 2092 221 2157 tivitatem,
238 2090 326 2146 etiam
339 2090 400 2160 ipse
415 2089 561 2145 Dominus
580 2088 609 2144 in
627 2086 795 2144 Bethlehem
809 2086 893 2143 tuder.

63 2182 174 2239 dicitur
190 2184 277 2236 natus
289 2179 408 2249 (Mattb.
423 2195 451 2247 u,
476 2178 511 2249 l).
530 2179 558 2234 Si
573 2177 894 2248 igiturhomorogene-

63 2271 123 2327 rari
139 2284 192 2341 per
207 2269 334 2339 gratiam
352 2268 478 2339 Spiritus
489 2267 519 2322 in
535 2270 618 2322 utero
625 2269 732 2337 potest,
745 2263 892 2337 quoniam

63 2361 158 2416 restat
173 2357 212 2413 illi
232 2357 332 2413 adhuc
345 2356 438 2421 nasci,
464 2357 629 2411 renascitur
642 2369 713 2424 ergo
728 2356 892 2424 antequam

63 2449 221 2512 nascitur;
247 2445 328 2519 quod
344 2444 407 2501 fleri
429 2443 512 2500 nullo
528 2442 619 2499 modo
635 2446 741 2513 potest.
765 2440 893 2496 Proinde

65 2537 289 2608 incompagem
304 2534 438 2606 corporis
458 2533 562 2589 Christi
575 2537 720 2604 tanquam
742 2530 772 2586 in
792 2530 892 2586 vivam

68 2629 250 2681 structuram
266 2622 369 2694 templi
384 2622 444 2688 Dei,
461 2637 530 2693 quoe
543 2624 587 2677 est
599 2621 664 2692 ejus
678 2619 818 2682 Ecclesia,
831 2618 894 2674 nati

66 2713 479 2784 homines,nonexoperibus
484 2710 679 2783 justitiaque
690 2707 895 2778 lecerunqsed

65 2801 315 2874 renascendoper
330 2800 684 2871 gratiamtransleruntur
698 2803 843 2869 tanquam
856 2796 894 2851 de

68 2906 173 2948 massa
182 2891 275 2947 ruina
289 2889 327 2946 ad
340 2888 456 2944 aedificii
470 2888 706 2943 firmamentum.
719 2885 893 2941 Praeterhoc

65 2980 147 3037 enim
167 2978 340 3044 aedificium,
356 2978 439 3052 quod
461 2975 698 3034 beatificandum
711 2975 894 3030 construitur

64 3068 105 3126 ad
116 3073 260 3124 aeternam
269 3066 487 3124 habitationem
504 3065 564 3129 Dei,
581 3063 781 3120 vitabominis
793 3061 892 3119 omnis

64 3156 181 3223 inlelix,
195 3161 223 3213 et
236 3172 318 3212 mors
338 3160 383 3211 est
401 3154 501 3229 potius
517 3152 699 3225 appellanda
714 3167 807 3224 quam
821 3150 890 3207 vita.

65 3244 210 3318 Quisquis
220 3259 291 3315 ergo
301 3242 517 3300 habitabitura
531 3245 600 3312 Deo,
613 3257 650 3296 ne
662 3240 706 3297 ira
716 3239 763 3296 [tei
772 3243 894 3296 maneat

65 3349 158 3407 super
179 3349 248 3390 eum
273 3332 385 3389 abhoc
401 3345 538 3403 corpore,
564 3329 603 3388 ab
623 3330 680 3386 hoc
700 3328 823 3400 templo,
853 3326 892 3384 ab

66 3422 126 3480 bac
142 3422 261 3479 civitate
280 3423 288 3458 ¹
306 3436 367 3478 non
383 3422 437 3477 erit
451 3419 576 3477 alienus.
601 3418 704 3478 Omnis
717 3422 818 3474 autem
831 3430 893 3473 non

64 3517 189 3568 renatus
201 3510 318 3567 alienus
330 3516 388 3567 est.

102 3600 215 3658 cartu
229 3598 273 3656 ltl.
290 3630 324 3639 -
340 3602 382 3656 ³4.
399 3599 894 3669 Sacrameutomporroregenera·

63 3689 154 3746 tionis
166 3693 276 3745 nostra
292 3686 485 3744 manifestum
499 3701 564 3743 esse
580 3686 671 3741 voluit
687 3684 893 3741 manilestatus

63 3777 222 3834 Mediator.
237 3779 304 3833 Erat
314 3784 413 3832 antem
423 3775 554 3848 antiquis
560 3774 649 3846 justis
662 3772 785 3847 aliquod
796 3771 894 3829 occul·

65 3871 142 3938 tum,
156 3882 225 3922 cum
249 3872 349 3923 amen
365 3869 392 3921 et
416 3863 457 3920 illi
481 3863 587 3920 eadem
607 3861 668 3918 lide
690 3861 763 3918 salvi
777 3861 895 3931 fierent,

62 3970 134 4029 quse
148 3953 243 4011 iuerat
258 3968 313 4010 suo
332 3957 467 4025 tempore
485 3951 657 4008 revelanda.
672 3952 734 4007 Non
749 3950 829 4007 enim
843 3964 893 4006 au·

63 4043 174 4100 demus
188 4042 293 4099 fideles
306 4042 448 4115 temporis
463 4040 557 4097 nostri
573 4038 709 4113 prolerre
721 4038 826 4095 amicis
841 4037 892 4095 Dei

64 4147 120 4207 per
138 4148 216 4206 quos
228 4130 315 4188 uobis
329 4132 384 4187 ista
407 4130 584 4204 prophetata
604 4133 684 4196 sunt,
707 4144 776 4184 cum
799 4129 893 4184 Deum

62 4221 218 4278 Abraham
233 4225 261 4278 et
275 4220 457 4278 Deumlsanc
468 4225 496 4276 et
506 4217 710 4283 Deumlacob‚
722 4217 764 4274 ita
775 4233 807 4273 se
817 4220 893 4274 Deus

62 4326 131 4370 essa
138 4309 338 4374 commendet,
352 4313 384 4366 ut
395 4309 452 4365 hoc
464 4308 640 4365 dicatsuum
651 4322 759 4364 nomen
771 4307 800 4363 in
811 4311 893 4365 ater·

61 4414 139 4458 num
155 4398 264 4472 (Ecca.
280 4414 321 4465 nv,
338 4400 394 4469 tn).
412 4397 498 4465 Quod
517 4397 541 4453 si
557 4396 743 4453 circumcisio
760 4396 892 4468 antiquis

60 4491 174 4547 sauritis
187 4504 242 4562 pro
254 4489 405 4560 baptismo
418 4487 509 4543 luisse
524 4487 662 4553 creditur,
678 4486 752 4560 quid
767 4501 891 4559 respon-

62 4578 182 4635 debitur
194 4578 231 4634 de
245 4577 348 4649 hisqui
362 4581 525 4648 antequam
536 4576 594 4632 hoc
603 4580 788 4648 preceptum
802 4579 892 4644 esset,

62 4667 389 4741 Deoplacucrunt,non
399 4669 499 4721 tamen
509 4665 572 4720 sine
585 4663 746 4730 fidelouia
756 4663 816 4720 nne
825 4664 892 4733 fide,

61 4761 98 4813 ut
122 4755 267 4828 scriptum
293 4759 336 4811 est
351 4753 389 4812 ad
413 4754 563 4819 hebreos,
582 4752 762 4823 impossibile
777 4758 818 4809 est
836 4754 893 4809 Deo

60 4846 185 4918 plaeere
195 4844 295 4916 (Hebe.
307 4859 348 4911 xv,
362 4843 400 4903 6).
415 4843 563 4900 Habentes
576 4842 792 4915 autcnv,inqrrit
801 4844 894 4912 Apos-

62 4934 153 5005 tolus,
169 4933 298 4992 eumdem
318 4933 463 5002 Spiritum
481 4932 559 5003 fidei,
575 4935 699 5002 propter
717 4931 797 5002 quod
822 4944 895 4987 scra-

59 5029 150 5096 ptum
166 5026 217 5091 est,
233 5020 364 5089 Credidi,
375 5027 500 5091 propter
511 5021 592 5092 quod
603 5026 631 5078 et
644 5020 758 5076 tocutus
768 5035 832 5076 sum
845 5023 894 5091 ,·et

59 5110 286 5177 noseredinus,
298 5116 423 5182 propter
435 5110 514 5182 quod
522 5115 548 5166 et
565 5109 713 5182 loquimur
722 5109 757 5180 (lt
773 5109 838 5166 Cor.
852 5125 892 5175 vv,

62 5203 121 5274 tl).
134 5204 197 5257 Non
212 5200 332 5265 diceret,
342 5200 484 5268 eumdem,
496 5199 553 5255 nisi
563 5203 590 5255 et
601 5198 720 5254 illorum
736 5198 814 5254 idam
830 5198 894 5270 ipse

60 5293 143 5349 esset
159 5290 283 5361 Spiritus
302 5288 381 5344 fldei.
398 5289 478 5345 Sicut
492 5293 590 5343 autem
608 5286 657 5355 illi,
674 5287 798 5360 quando
814 5286 894 5342 idem

61 5377 456 5440 Sacramentumoccultum
470 5382 541 5442 erat,
558 5375 721 5432 credebaut
737 5375 895 5431 Christiin·

60 5469 273 5528 carnationem
291 5466 487 5533 futuram,sic
498 5472 587 5522 etuos
603 5463 892 5521 credimusiactam:

97 5580 104 5608 ¹
119 5576 183 5627 lias.
199 5575 286 5629 Vatia.
305 5579 422 5639 quatuor
438 5578 465 5625 et
478 5574 581 5647 aliquot
594 5572 697 5633 Gallie,
715 5572 746 5622 ab
759 5572 805 5623 bae
818 5574 896 5635 cita,·

61 5654 122 5693 non
148 5638 226 5696 mula,
244 5638 266 5687 si
281 5651 309 5688 re
323 5652 384 5690 cras
404 5638 439 5692 ad
458 5649 597 5702 superiora
613 5635 703 5693 verba,
728 5641 851 5701 tanquam
865 5637 895 5687 tn

59 5704 155 5760 ninam
168 5705 334 5752 structurum.

948 489 1136 560 mysterium,
1148 488 1205 544 nisi
1218 489 1358 555 Christus,
1368 491 1398 545 in
1412 506 1474 562 quo
1488 493 1774 562 oporteatviviticari

948 581 1082 632 mortuos
1098 577 1128 631 in
1141 577 1235 633 Adam
1253 594 1260 643 ;
1274 578 1346 650 quia
1360 582 1432 633 shut
1446 580 1478 634 iu
1494 579 1590 636 Adam
1603 596 1703 639 crines
1718 599 1776 640 mc·

947 666 1775 742 riantur,sicetinChristoamnesviuifieabuntur(lCar.

948 769 997 820 xv,
1013 753 1070 824 ti),
1086 754 1347 825 quemadmodum
1363 755 1501 827 superius
1516 755 1721 815 disseruimus.

984 860 1099 917 CAPUT
1111 860 1164 915 llll.
1182 891 1215 902 -
1228 863 1272 917 33.
1287 859 1491 928 Quamobrem
1498 864 1584 929 bens,
1595 862 1647 936 qui
1663 864 1776 939 ubique

948 962 1080 1022 presens
1093 955 1147 1019 est,
1162 948 1310 1023 elabique
1320 955 1407 1015 totus,
1422 966 1483 1007 nou
1494 951 1525 1007 in
1539 952 1681 1010 omnibus
1692 953 1777 1012 habi·

948 1041 999 1102 tat,
1015 1037 1068 1095 sed
1081 1036 1159 1094 ineis
1172 1043 1287 1095 tantum
1303 1038 1691 1112 quosetilcitbeatissimum
1704 1047 1776 1101 tem-

947 1126 1033 1199 plum
1044 1142 1143 1196 suum,
1158 1126 1204 1184 vel
1217 1126 1391 1185 beatissima
1402 1128 1514 1199 templa
1526 1145 1592 1196 sua,
1606 1145 1713 1188 eruens
1724 1147 1776 1189 eos

948 1232 966 1271 a
978 1220 1123 1286 potestate
1146 1216 1347 1282 tenebrarum,
1363 1223 1392 1272 et
1407 1217 1589 1274 transiemus
1602 1219 1631 1275 iu
1644 1234 1775 1292 reguum

948 1305 1010 1362 Filii
1028 1306 1181 1362 charitatis
1195 1322 1257 1362 sure
1272 1308 1396 1378 (Coloss.
1413 1322 1432 1373 1,
1462 1308 1515 1378 till,
1533 1309 1616 1381 quod
1637 1309 1777 1383 incipite
1820 1324 1825 1332 ’

947 1394 1181 1464 regeneratione.
1198 1395 1288 1451 Aliter
1303 1401 1403 1452 autem
1423 1396 1530 1453 dicitur
1545 1398 1691 1471 templum
1712 1400 1782 1472 ejus<

947 1483 977 1538 iu
994 1482 1223 1553 significatione,
1245 1499 1314 1539 cnm
1329 1483 1362 1541 fit
1376 1499 1429 1556 per
1442 1501 1550 1541 manus
1565 1485 1724 1543 hominum
1739 1489 1777 1545 de
1825 1506 1830 1528 ¹

947 1570 1038 1627 rebus
1055 1571 1206 1637 inanimis,
1221 1573 1297 1628 sicut
1310 1572 1550 1640 tabernaculum,
1566 1573 1667 1645 lignis,
1692 1576 1776 1643 velis,

947 1659 1078 1733 pellibus
1091 1664 1182 1733 atquc
1194 1659 1369 1732 hujusmodi
1392 1661 1556 1719 mobilibus
1572 1679 1580 1730 ;
1596 1663 1672 1720 sicut
1687 1664 1778 1723 etiam

947 1764 1001 1821 per
1017 1749 1210 1805 Salomonem
1221 1764 1333 1820 regem,
1346 1750 1492 1824 templum
1503 1749 1665 1823 lapidibus,
1674 1752 1775 1824 lignis,

946 1836 1075 1894 metallis
1090 1842 1313 1894 constructum:
1328 1837 1411 1895 aliter
1421 1855 1490 1896 vero
1503 1854 1533 1896 re
1546 1839 1693 1912 ipsavera
1708 1857 1776 1916 qua

946 1925 1005 1982 illis
1018 1924 1286 1995 significationibus
1299 1926 1426 1998 figurata
1440 1933 1492 1984 est.
1511 1929 1594 1985 Unde
1607 1930 1725 1997 dicitur,
1736 1932 1775 1987 Et

947 2030 997 2071 vos
1012 2022 1153 2086 tanquam
1175 2015 1289 2085 lapides
1304 2015 1373 2083 viui,
1396 2016 1582 2088 aedificamini
1595 2018 1697 2075 domus
1713 2019 1776 2091 spi·

947 2103 1064 2159 situatis
1079 2102 1101 2173 (l
1123 2104 1203 2160 Patr.
1219 2119 1249 2174 ιι,
1269 2103 1296 2176 5)
1312 2121 1319 2160 ε
1336 2109 1364 2162 et
1381 2105 1460 2162 unde
1475 2107 1545 2163 item
1561 2107 1773 2179 scriptumest,

946 2192 1007 2247 Nos
1022 2192 1098 2249 euim
1116 2194 1224 2262 templa
1241 2194 1295 2250 Dei
1309 2193 1369 2250 urci
1383 2210 1494 2262 sumus,
1511 2195 1584 2251 sicut
1599 2197 1678 2254 Deus
1692 2197 1772 2265 dicit,

948 2282 1092 2348 Quoniam
1108 2280 1281 2339 inhabitabo
1293 2282 1325 2338 iu
1337 2282 1399 2339 iltis
1412 2288 1440 2341 ct
1458 2283 1651 2342 inambulabo
1665 2295 1711 2353 ,τι
1725 2302 1775 2345 erc

946 2369 1156 2436 ittorumDeur,
1170 2377 1197 2427 et
1207 2370 1260 2443 ipsi
1272 2378 1360 2428 erunt
1374 2372 1445 2428 mibi
1453 2372 1575 2445 ptebstll
1586 2373 1654 2431 Gor.
1671 2391 1709 2442 vt,
1718 2377 1773 2448 le).

982 2470 1027 2523 ee.
1042 2469 1098 2522 Nec
1109 2482 1229 2524 movere
1243 2482 1299 2525 nos
1310 2467 1409 2535 debet,
1424 2469 1507 2542 quod
1516 2471 1776 2544 perquosdamad

947 2554 1005 2611 hoc
1018 2556 1165 2628 templum
1184 2571 1244 2613 non
1267 2557 1457 2629 pertinentes,
1474 2559 1520 2615 vel
1536 2560 1673 2617 nondum
1689 2562 1776 2635 perti-

948 2649 1052 2700 nentes
1072 2644 1102 2700 id
1118 2650 1163 2700 est
1175 2644 1204 2701 in
1225 2647 1336 2718 quibus
1349 2661 1410 2703 non
1429 2647 1553 2720 habitat,
1570 2649 1617 2706 vel
1638 2651 1775 2708 nondum

947 2732 1064 2789 habitat
1086 2735 1172 2798 Deus,
1193 2734 1307 2807 aliquid
1322 2736 1439 2792 virtutis
1455 2744 1596 2809 operatur
1610 2757 1619 2811 ;
1631 2741 1708 2797 sicut
1722 2757 1775 2814 per

946 2820 1031 2876 illum
1044 2820 1096 2893 qui
1123 2822 1154 2877 in
1170 2824 1291 2879 nominc
1307 2823 1411 2881 Christi
1426 2824 1594 2897 expellebat
1608 2829 1772 2897 demonia,

946 2926 1015 2966 cum
1030 2909 1178 2967 Christum
1192 2926 1252 2967 uon
1263 2918 1446 2984 sequeretur,
1462 2929 1553 2986 quem
1567 2917 1697 2987 permitti
1710 2917 1774 2987 jus·

947 2998 983 3055 sit
999 3004 1119 3071 propter
1131 2999 1232 3057 multis
1247 2999 1348 3057 utilem
1362 3002 1656 3060 commendationem
1679 3006 1773 3063 uomi-

947 3088 993 3143 nis
1006 3088 1181 3158 suistdlarc.
1195 3104 1232 3153 rx,
1250 3088 1352 3153 37-39).
1364 3090 1467 3147 tlultos
1480 3107 1599 3165 quoque
1614 3094 1654 3151 ait
1674 3093 1730 3150 sibi
1741 3095 1772 3152 in

948 3175 1113 3232 novissima
1135 3176 1184 3233 die
1202 3176 1344 3246 dicturos,
1372 3179 1408 3235 Iu
1433 3179 1553 3237 nomine
1580 3188 1629 3237 tuo
1649 3183 1772 3241 uirtutes

945 3262 1051 3319 multas
1073 3263 1197 3333 fecimus
1218 3264 1350 3337 :quibus
1378 3267 1480 3340 utique
1494 3283 1554 3324 nou
1567 3270 1771 3342 responderet,

946 3352 1014 3409 Nan
1035 3368 1085 3410 uos
1100 3355 1171 3411 noct
1184 3353 1302 3426 (Mattb.
1320 3371 1371 3424 vu,
1387 3357 1432 3423 22,
1457 3358 1513 3424 23),
1530 3357 1555 3414 si
1570 3358 1609 3415 ad
1626 3359 1773 3431 templum

948 3440 1009 3508 Dei,
1023 3442 1105 3515 quod
1119 3443 1317 3501 inhabitando
1329 3444 1488 3513 beatificat,
1506 3447 1775 3519 pertinerentcor-

946 3531 1043 3587 aelius
1059 3531 1149 3588 etiam
1165 3533 1298 3589 centurio
1313 3538 1476 3607 antequam
1490 3536 1716 3606 regeneratione
1731 3539 1775 3596 ln·

946 3626 1155 3693 corporaretur
1165 3620 1235 3677 huic
1255 3622 1378 3694 templo,
1392 3623 1518 3680 missum
1532 3626 1570 3682 ad
1587 3639 1618 3681 se
1630 3627 1773 3697 angelum

947 3708 1030 3777 vidit,
1047 3709 1202 3782 audiitque
1215 3710 1364 3767 dicentem
1377 3711 1461 3784 quod
1476 3713 1625 3771 exaudita
1640 3716 1699 3773 siut
1710 3731 1776 3774 ora-

946 3798 1044 3854 tiones
1056 3799 1168 3869 nius,et
1180 3797 1513 3875 eleemospuaeaccepta
1529 3803 1642 3872 (dccx,
1658 3804 1696 3876 t).
1707 3805 1775 3876 Agit

947 3885 1028 3943 enim
1042 3887 1107 3944 hec
1119 3889 1195 3944 Deus
1211 3893 1355 3962 tauquam
1373 3888 1484 3963 ubique
1500 3906 1645 3964 presens,
1661 3891 1708 3950 vel
1721 3908 1775 3966 per

947 3980 1068 4035 sanctos
1082 3975 1212 4047 angelos
1227 3992 1312 4033 suos.

984 4087 1030 4141 37.
1042 4086 1116 4141 Nam
1127 4083 1187 4152 illa,
1199 4085 1376 4159 priusquam
1389 4086 1525 4145 exiretde
1538 4087 1775 4159 vulva,sanctid-

946 4174 1024 4231 catio
1039 4174 1183 4241 teremiae,
1197 4190 1372 4248 quanquam
1389 4177 1526 4235 nonnulli
1541 4178 1599 4235 boc
1613 4179 1645 4236 ia
1667 4184 1774 4254 typum

948 4262 1109 4321 Salvatoris
1124 4262 1282 4336 accipiant,
1293 4263 1347 4338 qui
1359 4267 1584 4337 regeneratione
1598 4283 1658 4324 non
1670 4268 1753 4338 eguit
1765 4284 1773 4334 ;

946 4356 1048 4409 tamen
1061 4352 1178 4410 etiamsi
1193 4352 1229 4408 de
1244 4351 1310 4425 ipso
1323 4353 1469 4425 Propheta
1490 4355 1663 4427 accipiatur,
1680 4363 1777 4428 potest

948 4444 977 4497 ct
992 4441 1160 4497 secundum
1175 4440 1471 4513 praedestinationem
1489 4458 1549 4499 non
1565 4443 1777 4501 inconvenien-

947 4533 991 4586 ter
1006 4528 1128 4600 iutelligi
1148 4545 1154 4585 :
1170 4528 1247 4586 sicut
1260 4527 1337 4586 fllios
1364 4529 1415 4585 Dei
1432 4531 1563 4603 appellat
1578 4533 1775 4603 Evangelium

947 4618 1084 4674 nondum
1097 4620 1300 4689 regeneratos,
1314 4617 1366 4674 ubi
1382 4618 1587 4692 Caiphascum
1598 4620 1635 4678 de
1651 4621 1776 4678 Domino

947 4706 1080 4773 dixisset,
1096 4706 1227 4778 Expedit
1244 4706 1323 4765 uobis
1335 4714 1366 4762 ut
1377 4723 1452 4765 unua
1464 4708 1706 4768 moriaturbomc
1720 4727 1776 4782 pro

944 4796 1069 4867 populo,
1082 4804 1109 4853 et
1124 4812 1183 4852 non
1199 4802 1261 4853 tnta
1275 4811 1346 4868 pens
1364 4803 1466 4867 pereat
1484 4815 1494 4866 5
1510 4814 1566 4855 uos
1582 4800 1777 4871 Evangelium

879 4931 884 4942 .
947 4891 1084 4942 secutum
1099 4885 1247 4957 adjunxit,
1261 4886 1434 4945 Herculem
1451 4904 1470 4945 a
1485 4889 1640 4959 semetipso
1660 4906 1719 4946 non
1734 4888 1778 4946 ai-

947 4975 995 5032 ait
1007 4998 1017 5045 ‚·
1031 4973 1082 5032 sed
1096 4990 1162 5032 cum
1177 4982 1248 5032 esset
1257 4975 1399 5047 pontifex
1409 4979 1485 5033 nuni
1496 4976 1577 5034 itlius
1591 4976 1777 5049 prophetavit

948 5066 1019 5137 quia
1033 5065 1116 5121 Jesus
1133 5064 1297 5121 ruorv'turus
1313 5071 1377 5123 erat
1397 5082 1452 5136 pro
1465 5069 1578 5137 pente,·
1596 5072 1622 5122 et
1636 5081 1694 5121 non
1712 5070 1777 5122 tau-

948 5159 1011 5208 tum
1025 5168 1081 5223 pra
1092 5155 1188 5224 pente,
1197 5151 1250 5210 sest
1262 5160 1294 5210 ut
1307 5154 1384 5224 fitius
1398 5154 1462 5220 Dei,
1476 5153 1625 5226 quierant
1640 5150 1775 5225 dispersi,

948 5250 1139 5314 congregaret
1152 5245 1184 5298 iu
1205 5258 1299 5299 unum
1321 5243 1419 5314 (ioan
1435 5260 1476 5312 ιιι,
1496 5243 1600 5315 eit-te).
1624 5242 1711 5300 Filios
1725 5241 1777 5301 Dei

948 5331 1110 5405 appellavit
1126 5331 1226 5405 utique
1239 5337 1347 5405 praeter
1362 5332 1516 5388 tlebraeam
1529 5337 1659 5402 gentem,
1677 5332 1708 5390 in
1721 5348 1776 5389 ca·

949 5420 1017 5477 teris
1032 5420 1122 5477 etiam
1135 5420 1277 5477 amnibus
1290 5418 1429 5492 gentibus
1439 5420 1628 5491 constitutos,
1638 5421 1776 5479 noudum

947 5509 1062 5575 fideles,
1076 5508 1212 5566 nondum
1228 5508 1403 5583 baptizatos.
1421 5508 1580 5577 Quomodo
1595 5525 1665 5581 ergo
1677 5510 1728 5567 Dei
1743 5508 1777 5566 fl·

948 5599 1015 5663 lios,
1029 5597 1087 5655 nisi
1103 5596 1269 5654 secuudum
1282 5596 1589 5670 praedestinationem,
1607 5599 1776 5657 secundum

949 5704 1042 5762 quam
1057 5690 1087 5745 et
1100 5689 1260 5760 Apostolus
1275 5686 1444 5761 dicitquod
1453 5703 1510 5747 nos
1522 5686 1642 5761 elegerit
1652 5688 1730 5747 Deus
1744 5702 1777 5752 tn
