3952 6128
69 186 134 248 ²889
686 180 945 244 EPISTOMRUH
960 180 1107 243 (tt-essu
1123 182 1173 242 111.
1734 187 1789 247 cuc

79 317 164 373 lssse
172 312 343 387 patriarche
356 311 558 386 geminorum,
568 312 649 387 quod
663 313 906 387 quidemjsmos
962 311 1320 386 onesipropterespossit
1329 313 1670 389 nonheberegeneretio
1684 329 1787 373 cerna·

79 403 235 462 tendimns
248 408 365 478 qusnte
377 402 507 460 caecitete
522 402 649 473 dicetur,
657 403 757 461 luture
769 403 907 477 previdit
959 400 997 457 lis
1007 401 1088 474 quod
1100 401 1165 459 sola
1177 402 1441 474 tollitregeneratio
1455 404 1618 478 spiritualis
1630 420 1636 460 :
1650 411 1703 463 aut
1714 419 1787 462 rere

80 494 158 551 lleus
173 506 276 564 opera,
287 492 336 565 qui
349 492 482 550 vixerunt
494 497 584 565 utque
593 497 767 564 senuerunt,
778 498 906 567 etprop-
960 489 991 546 in
1008 491 1162 563 uspusmo
1171 493 1420 566 concupiscentis
1435 494 1534 551 cernis
1545 493 1704 551 intirmites
1716 508 1787 551 con·

77 588 160 641 terea
172 582 266 640 iacob
281 581 393 650 dilexit,
411 584 487 639 Esau
504 586 606 639 eutem
621 581 691 639 odio
706 582 821 650 hebuit,
837 582 906 640 ideo
960 579 1045 637 tinuo
1058 584 1190 646 senetur,
1207 582 1283 639 sicut
1294 583 1435 639 continuo
1447 587 1547 640 reulus
1560 582 1624 655 ejus
1638 582 1785 649 aboletur,

78 673 294 729 moriturorum
308 672 400 728 etiam
420 671 616 743 parvulorum
632 676 729 744 potest
742 673 904 746 qnisquam
960 668 1014 725 sed
1035 668 1132 738 graiis
1157 671 1344 736 renascendi,
1365 686 1428 728 non
1443 672 1613 729 conditione
1628 673 1784 729 nascendi.

76 761 186 831 dicere,
204 767 235 818 ut
249 760 319 816 huic
338 760 376 816 ed
392 759 623 834 percipiendum
643 760 828 832 Baptismum
843 776 904 818 non
961 756 1044 814 Unde
1059 757 1196 831 quisquis
1210 772 1264 831 per
1287 758 1366 816 hene
1385 761 1673 833 concupiscentiam,
1696 761 1787 818 etiem

75 849 224 916 consulat,
239 848 280 906 illi
292 853 391 906 sutem
419 848 568 913 consulet,
591 851 683 906 ileum
700 849 801 908 lutura
812 865 906 923 opera
928 840 934 849 ’
959 844 997 901 de
1016 850 1122 903 reneio
1135 847 1278 915 nescitur,
1295 848 1358 904 sine
1378 847 1564 906 dubitatione
1585 847 1682 906 oberit
1704 854 1787 919 nato,

75 954 182 997 eorum
193 939 378 1011 providere:
394 937 748 1013 quomodoenimfuturn
764 939 905 996 dicuntur
959 932 1017 990 nisi
1032 939 1061 991 et
1075 936 1139 1008 ipse
1154 935 1288 992 similiter
1305 940 1492 993 renascatur.
1506 938 1613 993 ilerum
1634 935 1786 1010 quidquid

74 1042 146 1103 quie
163 1027 245 1086 nulla
257 1027 365 1084 erunt?
959 1027 1005 1079 est
1014 1021 1046 1080 in
1059 1022 1494 1096 haoqnestionedifficultatis,
1504 1025 1584 1083 itain
1596 1039 1670 1096 egro
1680 1025 1788 1083 Christi

111 1120 157 1174 tr.
172 1116 224 1174 Sed
237 1115 477 1189 Deus,inquiunt‚
491 1115 638 1189 tejecquos
650 1116 712 1173 linc
721 1117 822 1191 aufert,
830 1134 907 1191 pm
959 1126 1020 1168 ιιοιι
1036 1111 1162 1185 impedit
1173 1114 1326 1186 operarios
1338 1114 1403 1187 ejus
1413 1115 1577 1187 quominus
1587 1114 1626 1172 ab
1641 1114 1684 1172 eis
1699 1115 1730 1172 in
1742 1130 1788 1172 re·

75 1205 149 1264 videt
162 1205 381 1279 quemadmodum
390 1205 514 1263 victurus
521 1208 704 1279 autquinque
714 1207 740 1263 ei
752 1206 868 1264 eiceret:
879 1214 904 1263 st
959 1201 1135 1258 missionem
1149 1206 1342 1276 peccatorum
1358 1202 1547 1276 bepiizentur
1566 1203 1703 1270 inientes,
1721 1205 1786 1262 sire

74 1295 136 1352 ideo
148 1312 226 1368 quem
235 1295 531 1369 nequiternoeitsur‘sse
542 1296 687 1363 victurum,
695 1298 752 1353 eine
766 1296 905 1369 Baptismn
957 1288 996 1345 de
1007 1288 1157 1356 fidelibus,
1165 1291 1226 1347 sire
1238 1291 1455 1348 deinfldulihus
1467 1294 1527 1349 nati
1546 1293 1700 1360 sini,eicut
1709 1295 1788 1366 tigri·

72 1383 147 1454 fucit
164 1384 251 1440 mori
262 1406 272 1456 ,·
284 1384 323 1440 sie
338 1385 368 1439 in
382 1399 412 1440 eo
418 1385 536 1457 puniens
545 1401 628 1456 opere
636 1385 719 1451 mete,
733 1402 854 1458 noeque
865 1388 904 1456 se·
958 1378 1040 1435 coles
1050 1394 1108 1436 non
1123 1379 1418 1454 impediiquominus
1427 1381 1467 1439 ab
1476 1382 1529 1448 eis,
1540 1382 1689 1439 inserendi
1701 1397 1783 1455 curn,

73 1472 122 1542 eie,
132 1472 178 1529 ud
186 1489 246 1545 φη
259 1472 385 1546 seuerus
395 1473 574 1547 suausiergo
585 1474 825 1532 divinituseriam
835 1490 902 1547 quae
956 1467 1782 1537 inoleasconvertenturoleastrisivedeoleastris,sire

74 1562 239 1619 commisse
252 1577 313 1618 non
325 1568 404 1628 sunt,
414 1561 597 1636 malaopera
608 1562 790 1636 puniuntur;
805 1563 903 1636 primo
957 1555 996 1613 de
1010 1556 1083 1615 oleis
1097 1558 1322 1616 ostentantium
1338 1562 1367 1615 et
1378 1557 1784 1633 hoc,siutrespondeat,rus·

74 1648 231 1707 attendent
241 1665 334 1724 quem
344 1649 422 1707 lelso
432 1650 628 1724 polliceantur
638 1650 902 1709 indemnationem
956 1646 1436 1720 iiuopropouuluuquoeouuseeit
1450 1648 1784 1716 uicumeliudsitoleu,
1897 1644 1900 1649 ’

74 1737 385 1809 parrulosnnnituros
397 1739 519 1813 quisine
529 1738 711 1812 Baptismate
723 1740 901 1806 moriuntur,
956 1734 1039 1792 eliud
1053 1735 1191 1802 oleaster,
1204 1740 1376 1794 nontamen
1388 1737 1446 1794 nisi
1464 1738 1592 1796 oleaster
1609 1737 1647 1795 de
1666 1738 1783 1795 semine

71 1827 127 1899 qui
142 1832 301 1899 propterca
315 1841 374 1884 non
400 1827 597 1900 baptizantur,
611 1827 684 1902 quie
699 1827 777 1885 mele
796 1827 902 1886 victuri
957 1830 1250 1898 utroqnenascetur;
1264 1841 1325 1883 non
1341 1827 1450 1884 omittit
1470 1828 1622 1885 inserendi
1637 1827 1785 1900 operatio·

73 1920 172 1982 erant,
190 1915 215 1972 si
229 1916 362 1972 viverent
382 1933 389 1972 :
405 1920 529 1989 propter
542 1916 641 1988 ipsam
661 1917 773 1990 quippe
789 1917 901 1974 melem
955 1927 1038 1981 nem,
1048 1913 1166 1972 etiamsi
1177 1929 1237 1971 non
1251 1915 1443 1987 possitistsm
1450 1916 1782 1990 solverequaestionem:

72 2004 167 2061 ritem
185 2004 292 2077 procul
303 2003 398 2063 dubio
412 2004 651 2073 damnabuntur,
668 2006 693 2062 si
715 2006 806 2064 etiam
820 2006 903 2065 mala
956 2001 1171 2076 elioqnindum
1181 2018 1218 2059 ex
1232 2003 1440 2061 elireseminc
1453 2009 1556 2062 exorta
1564 2005 1711 2076 virgulata
1719 2019 1782 2061 non

71 2107 143 2166 ques
156 2091 275 2150 luerent
289 2093 388 2150 luture
408 2093 602 2151 damnantur.
626 2094 746 2161 Deinde,
761 2094 785 2150 si
805 2095 848 2152 eis
862 2095 901 2154 ed
957 2090 1039 2148 uliud
1049 2107 1142 2165 qnam
1151 2092 1233 2150 cleas
1244 2108 1310 2150 esse
1323 2093 1485 2160 existimet,
1500 2094 1591 2150 elficit
1604 2094 1722 2150 desidie
1733 2109 1784 2150 ve·

71 2180 300 2255 percipiendum
311 2181 900 2255 Bsptismetisconsulitursscremeutum
955 2180 1057 2237 nitatis
1070 2184 1189 2239 uttotus
1203 2180 1326 2254 illenger
1340 2198 1444 2240 amere
1464 2183 1616 2240 sterilitate
1635 2182 1781 2241 silvescat.

72 2283 156 2343 quos
171 2270 254 2326 novit
271 2268 349 2327 Deus
361 2270 386 2326 si
405 2269 541 2327 virerent
556 2269 633 2327 bene
647 2269 740 2328 luisse
759 2270 900 2340 victuros,
989 2272 1034 2327 tn.
1050 2272 1125 2328 Nem
1141 2269 1300 2343 illudquod
1309 2272 1565 2342 excogitaverunt,
1573 2271 1783 2329 cumveritstis

70 2372 127 2414 cur
141 2372 202 2414 non
218 2374 325 2415 omnes
339 2362 477 2417 tenentur
491 2359 522 2416 in
534 2359 604 2424 vita,
618 2375 710 2432 quem
726 2360 812 2417 bonis
830 2375 901 2434 ope·
953 2356 1089 2430 pondere
1099 2358 1782 2432 premerentur,quisfidelisllomiuusinverbis

69 2444 158 2503 ribus
174 2448 308 2505 ornaturi
319 2449 414 2505 sunt?
429 2462 484 2504 cur
497 2447 587 2504 etiam
607 2462 713 2505 eorum
734 2448 786 2522 qui
805 2448 901 2522 bepll·
955 2446 1028 2513 auis,
1038 2452 1199 2521 propterea
1211 2448 1277 2521 ejus
1293 2449 1425 2506 Ecclesia
1440 2448 1522 2506 nulle
1537 2449 1629 2506 modo
1640 2449 1782 2508 iellaciler

69 2535 759 2610 ssntnrquidsmdiuviventespessimsvivunt,
767 2543 897 2612 eiusque
953 2536 1096 2608 purvulos
1110 2536 1358 2594 inremissionem
1370 2542 1563 2611 peccetornm
1575 2538 1716 2612 baptizet,
1727 2538 1780 2596 sed

69 2623 111 2683 ed
123 2624 308 2697 apostasiam
331 2625 495 2698 aliquando
510 2626 685 2698 perveniunt
703 2624 786 2683 lcur
797 2627 897 2699 ipsum
953 2629 986 2681 ut
998 2624 1058 2682 tide
1073 2630 1179 2697 egetur
1189 2626 1273 2699 quod
1285 2627 1509 2701 egitur,utique
1519 2627 1642 2702 fitquod
1653 2629 1778 2685 dicitur:

69 2712 201 2786 primum
214 2714 389 2787 conjugium
400 2720 599 2788 peccatorum,
609 2730 685 2788 quos
696 2715 799 2788 utique
809 2732 899 2773 nore·
951 2713 1032 2786 qnod
1044 2716 1781 2790 ergoexcogilarerunt,cumhesceosapertissime

69 2809 118 2861 rat
132 2802 210 2859 Deus
223 2810 412 2877 peccaturos,
424 2819 485 2861 non
498 2803 536 2861 de
548 2804 687 2877 paradiso
698 2805 898 2877 enteprojecit
953 2802 1779 2877 moiesveritetisurgeret‚quisnonchristiannsirridest,

67 2906 106 2947 ne
119 2890 162 2947 ibi
174 2892 392 2949 committerent
402 2893 484 2966 quod
501 2898 562 2949 tem
571 2901 676 2949 sancto
693 2892 844 2951 locoesset
854 2895 898 2951 in·
951 2891 1119 2963 quemlibet
1144 2892 1381 2948 versutissimum
1407 2900 1509 2949 cernat
1524 2892 1538 2948 i
1558 2893 1662 2951 Dicunt
1688 2894 1779 2961 enim,

68 2978 207 3051 dignum,
221 2980 246 3036 si
254 2980 335 3052 juste
348 2985 471 3053 peccate
485 2982 575 3038 etiam
587 2981 723 3038 nondum
737 2983 896 3039 commissa
955 2978 1100 3038 Verueiter
1110 2979 1216 3052 quidem
1235 2979 1394 3052 respondere
1407 2980 1535 3052 pnrculu
1546 2998 1598 3053 per
1612 2998 1663 3039 oro
1676 2987 1780 3052 pestru-

68 3069 237 3142 pnniuntur
249 3069 342 3142 iquid
355 3069 487 3143 denique
497 3075 656 3143 prestetur
667 3070 694 3127 ei
706 3071 758 3144 qui
771 3071 898 3144 rapitur,
950 3070 1032 3134 tium,
1047 3070 1079 3124 iu
1096 3068 1427 3125 remissionemeeeredere
1439 3076 1608 3141 peecatorum
1618 3086 1672 3125 non
1692 3079 1780 3126 temer

70 3171 109 3214 ne
125 3157 237 3215 malitie
251 3162 344 3215 mutet
357 3158 539 3215 intellectum
555 3158 632 3230 ejus,
640 3163 669 3214 et
680 3174 717 3216 ue
726 3157 807 3215 fictio
819 3159 897 3217 deci·
949 3160 1016 3231 quio
1026 3157 1081 3213 siti
1094 3158 1283 3222 remittentur,
1297 3158 1529 3230 sedquiccredcnt
1539 3158 1608 3231 quod
1618 3158 1648 3213 in
1658 3157 1781 3215 dulcem

68 3246 133 3319 piat
143 3246 276 3303 enimam
284 3248 349 3320 eius
360 3247 436 3320 (Sep.
448 3264 486 3314 rr,
501 3248 554 3319 lt),
562 3250 586 3304 sl
594 3247 674 3319 juste
686 3248 775 3305 etiam
783 3247 896 3322 illepu·
950 3248 1027 3304 celiis
1034 3248 1370 3317 Baptiemnremittnntur,
1383 3247 1516 3320 inquibus
1525 3248 1778 3315 inimicusque

67 3335 203 3404 niuntur,
219 3352 286 3408 quie
298 3336 896 3404 licetnonlecerit,luerettemenvivendo
949 3336 1165 3410 inquibusrulln
1174 3343 1254 3393 suut:
1270 3335 1782 3409 Acperhocnolantensitnicptiscri

67 3423 203 3483 lecturus
216 3425 565 3482 lPostremocurnnnad
579 3425 897 3499 percipiendumregs-
950 3426 1180 3483 immissionem
1193 3433 1364 3497 peccaterum
1374 3432 1501 3499 torquem
1513 3425 1542 3481 in
1556 3425 1597 3482 eie
1609 3425 1658 3497 iot
1668 3425 1777 3498 ipsora-

66 3512 232 3571 nereticnis
241 3514 408 3581 lerecrum,
422 3514 446 3571 ei
460 3514 556 3587 megis
567 3514 895 3583 consuliturmoriluro,
949 3516 1052 3581 missio,
1064 3515 1299 3587 quorccntenduut
1314 3515 1422 3572 nullum
1436 3515 1532 3570 holere
1547 3522 1685 3587 pecentum
1705 3515 1778 3586 ,weil

67 3601 120 3676 qui
137 3603 215 3660 male
230 3603 325 3661 lueret
340 3602 471 3660 victurus
486 3604 509 3659 si
526 3604 647 3671 viveret,
670 3609 703 3661 ut
724 3605 750 3660 ei
773 3609 896 3677 peccata
949 3604 1405 3678 quoriomlicetsinepeeeoto,ieeo
1416 3603 1779 3675 temeanptismctelnpti·

67 3704 137 3763 quie
149 3689 245 3748 iuerat
259 3692 897 3766 commissurus,remittenturinlleptismct
949 3700 1063 3760 samur,
1076 3693 1170 3767 queit
1184 3693 1215 3748 is
1228 3692 1372 3766 quibusque
1384 3694 1568 3765 peccunriius
1584 3692 1707 3749 remissio
1718 3708 1780 3765 pee-

68 3780 139 3846 uuis
149 3780 229 3837 enim
243 3785 288 3838 est
302 3785 362 3837 tem
378 3795 492 3851 vecors,
507 3782 560 3854 qui
571 3796 607 3838 ce
620 3787 706 3852 neget
721 3797 774 3854 per
784 3782 897 3855 Beptis·
950 3790 1085 3840 cotcruss.

67 3883 154 3926 mum
169 3868 458 3944 possedimitu,que
474 3869 539 3927 siue
558 3870 710 3943 Baptismo
725 3870 796 3928 dicit
804 3886 896 3944 posse
986 3876 1030 3929 te.
1048 3871 1121 3928 Fieri
1135 3871 1259 3945 quidem
1270 3874 1367 3943 potest
1383 3873 1415 3926 nt
1427 3869 1777 3943 hoecversipellisastutie

68 3957 191 4031 puniri?
949 3960 1087 4019 subtilius
1103 3964 1132 4018 et
1146 3960 1264 4018 ecutius
1274 3961 1381 4018 exotio
1390 3959 1547 4017 refellatur.
1563 3960 1777 4016 Verumtamen

105 4044 219 4104 cerui
231 4048 262 4104 x.
279 4076 313 4089 —
331 4049 377 4105 te.
397 4046 454 4105 Sed
474 4047 659 4121 disputando
672 4047 818 4104 adversus
841 4063 895 4106 eos
950 4049 1118 4106 seeundum
1131 4048 1220 4107 istam
1235 4049 1521 4107 suemcelliditctem
1536 4063 1599 4105 non
1620 4048 1780 4106 inveniunt

68 4134 650 4210 quiusquequaqueconrictietiemnon
662 4138 895 4196 commissorum
949 4138 1023 4213 quid
1038 4139 1078 4195 sd
1092 4137 1150 4196 hoc
1173 4138 1384 4211 respondeant,
1412 4138 1496 4211 quod
1516 4136 1733 4205 exorcizantur,
1748 4140 1777 4195 et

67 4228 360 4298 peccatorumlleum
380 4225 563 4299 persuadere
578 4225 742 4284 moliuntur
757 4226 894 4296 ultorem,
949 4226 1147 4287 exsufflentur
1159 4228 1305 4285 inientes:
1321 4226 1378 4285 hec
1390 4226 1684 4301 enimproculdubio
1694 4225 1777 4284 lelle-

70 4313 235 4371 vereudum
251 4319 298 4371 est
317 4329 355 4372 ne
370 4331 425 4372 uos
438 4315 469 4372 in
480 4330 532 4372 ecs
546 4315 602 4372 iste
621 4314 734 4386 fingere
747 4316 897 4374 existime-
949 4316 1551 4383 citeriit,sidieboluseisnondominetur
1564 4316 1708 4382 ;sieutem
1722 4314 1775 4370 do·

69 4416 157 4470 mur;
174 4402 216 4458 illi
230 4408 331 4461 cutem
345 4403 532 4461 nullomodo
546 4409 607 4461 tam
622 4403 744 4462 hebetes
757 4420 822 4463 esse
834 4420 896 4463 cre·
949 4405 1092 4473 minatur,
1108 4410 1137 4463 et
1151 4405 1218 4463 ideo
1231 4419 1293 4462 neu
1310 4403 1456 4461 telleciter
1469 4405 1671 4460 exorcizentur
1684 4406 1714 4458 et
1726 4417 1777 4458 ex·

68 4490 191 4559 dentur,
200 4491 702 4567 uthecrelsentient,velcuiquem
712 4494 896 4566 persuadere
949 4493 1119 4559 sallientur,
1127 4509 1181 4568 per
1192 4492 1265 4566 qnid
1277 4490 1462 4560 dominatur,
1474 4493 1531 4548 nisi
1544 4506 1598 4564 per
1607 4492 1774 4564 peccatum,

68 4586 235 4638 conentur:
252 4586 457 4639 verumtamen
468 4583 523 4640 nisi
536 4598 587 4640 eos
600 4582 662 4640 hec
672 4583 771 4640 dicere
786 4584 898 4640 audiis-
951 4584 1090 4655 princeps
1104 4582 1207 4656 utique
1225 4587 1419 4654 peccatorum
1430 4580 1446 4635 i
1456 4580 1581 4638 Proinde
1595 4580 1620 4636 si
1631 4580 1696 4653 jam
1711 4593 1776 4637 eru·

67 4683 144 4735 sem,
157 4669 320 4728 retellenda
332 4686 396 4728 esse
410 4686 472 4728 uon
484 4671 653 4730 arbitrarer.
665 4671 897 4743 circumstipau·
948 4671 1077 4728 bescunt
1088 4686 1143 4727 nec
1156 4670 1269 4728 sudent
1278 4669 1377 4726 dicere
1388 4669 1454 4726 hec
1467 4668 1498 4726 in
1512 4669 1641 4726 Ecclesia
1653 4667 1776 4727 mende-

68 4760 118 4814 tur
136 4758 215 4815 enim
241 4764 270 4816 et
294 4758 464 4817 divinarum
486 4759 660 4819 auctoritate
678 4759 851 4828 tentionem,
868 4762 896 4817 et
950 4760 1021 4818 citer
1038 4760 1110 4832 geri,
1127 4757 1284 4827 fateantur,
1297 4758 1380 4832 qnod
1399 4758 1537 4832 perierat,
1555 4757 1645 4816 etiam
1660 4757 1692 4816 in
1705 4772 1776 4831 par·

68 4847 235 4921 antiquitus
249 4848 358 4906 tradito
372 4853 401 4906 et
411 4852 526 4907 retento
540 4850 629 4905 firmo
642 4848 779 4905 Ecclesie
794 4849 852 4905 ritu
864 4848 895 4905 in
950 4849 1027 4906 vulis
1042 4849 1136 4923 querri
1151 4865 1158 4905 :
1174 4863 1271 4922 neque
1290 4847 1370 4906 enim
1389 4847 1444 4905 nisi
1469 4852 1591 4922 propter
1617 4852 1774 4921 peccetum

66 4935 249 5008 baptismate
261 4938 469 5010 parvulorum,
490 4936 537 4994 ubi
552 4938 738 5010 apertissime
755 4937 895 4995 demons-
950 4939 1087 5013 perierat,
1102 4937 1185 5011 quod
1200 4937 1258 4995 uisi
1272 4952 1324 5011 per
1340 4937 1469 5008 gratiam
1481 4952 1542 4997 non
1557 4941 1654 5010 potest
1668 4934 1772 5009 queri,

68 5031 185 5082 trentur
198 5026 339 5091 inientes,
350 5032 379 5084 et
394 5042 464 5083 cum
474 5027 681 5085 exorcizantur
696 5033 809 5085 etcum
823 5029 849 5084 ei
865 5042 896 5084 se
950 5042 1011 5084 non
1024 5030 1124 5101 potest
1134 5026 1270 5083 inveniri.
1284 5026 1341 5084 Sed
1352 5029 1410 5084 lieo
1425 5026 1548 5098 gratius,
1568 5024 1650 5098 quod
1667 5022 1773 5081 saltem

66 5130 123 5187 per
136 5115 337 5188 eosequibus
350 5121 516 5188 gestentur,
529 5116 699 5175 renuntiare
714 5116 897 5189 respondent
951 5132 1021 5174 cum
1036 5120 1264 5190 argumentatur
1289 5119 1395 5173 contre
1413 5115 1621 5173 remissionem
1640 5117 1772 5187 peccato·

68 5218 88 5262 e
101 5203 215 5262 diaboli
225 5204 431 5263 dominatione
439 5205 558 5263 liberari
573 5223 582 5279 ;
596 5210 626 5264 et
636 5221 697 5263 non
711 5206 897 5263 invenientes
949 5222 1028 5274 rum,
1037 5204 1775 5277 neflericredeturinpernulis,J’emtamen,quem·

66 5307 130 5366 qne
144 5297 260 5357 exeant,
270 5299 399 5367 pergunt
407 5294 436 5351 iu
450 5294 630 5369 precipitem
643 5295 810 5367 stultitiam,
822 5295 896 5351 dum
949 5296 995 5353 ris
1011 5311 1063 5369 per
1077 5294 1170 5353 corda
1188 5296 1217 5351 et
1228 5309 1282 5351 ore
1300 5293 1462 5364 maiorum,
1486 5292 1605 5350 credere
1630 5289 1773 5365 parrulos

67 5381 175 5439 nolunt
188 5388 304 5440 mutere
317 5384 508 5442 seutentiam.
950 5381 1602 5455 confitentur.Sicutergoaudiuntllominum
1611 5381 1772 5447 dicentem,

104 5470 150 5530 tt.
158 5471 233 5528 iilud
241 5471 799 5531 senesibiridenturecutissimedicere
811 5488 818 5528 ι
828 5472 896 5534 Quo
951 5476 1008 5544 Qui
1019 5488 1070 5530 ιιοιι
1084 5470 1428 5544 renotursueritecoqueet
1437 5470 1553 5543 Spiritu
1562 5468 1776 5536 cunctemin-

66 5560 146 5618 rsodc
158 5566 294 5635 peeeotum
308 5563 411 5618 tremit
426 5562 456 5618 iu
467 5563 543 5635 fiiios
556 5561 691 5634 fidelium,
707 5562 776 5635 quod
790 5576 896 5634 poren-
950 5562 1046 5620 troilit
1062 5562 1092 5618 in
1104 5578 1216 5635 reqnum
1227 5560 1353 5618 culorum
1365 5559 1551 5634 licemini),
1562 5558 1776 5634 propterquod

66 5649 142 5709 titus
156 5666 210 5709 res
223 5650 377 5711 dubitemus
399 5651 544 5713 dimissum
562 5667 616 5713 use
627 5667 677 5726 per
691 5652 861 5726 llnptursuor
881 5651 897 5708 i
951 5667 1003 5710 eos
1015 5649 1212 5725 bsptizendos
1226 5664 1293 5713 esse
1303 5648 1482 5718 concedunt,
1496 5650 1540 5708 sic
1554 5648 1677 5709 suusne
1689 5662 1775 5709 eum·
