3952 6128
186 129 223 186 111
861 121 1045 185 nutantis
1064 121 1235 187 contonat.
1859 124 1896 189 ω

185 252 323 311 amicitia
336 252 432 309 sanati
447 250 760 310 Prasultscoastsutsr
773 249 900 309 adhrasit
917 248 959 323 (ι)
974 263 1009 305 ιι
1063 247 1217 330 munatio
1232 245 1326 311 tatere
1339 249 1457 318 scuras
1472 265 1479 317 ι
1495 262 1601 313 omnes
1614 247 1696 309 enim
1711 248 1898 312 ssnrltssis

184 328 334 383 contrario
349 326 473 396 Optatus
491 323 638 394 quamdiu
650 322 832 394 potuiteatn
845 337 906 395 qua
920 322 1008 386 bens.
1064 318 1208 381 Sttitensls
1219 318 1508 391 sacerdotes,utpots
1514 319 1901 391 uumtds‚tugustincltu·

187 413 248 471 qua
264 397 342 451 mals
357 396 554 466 impugnavit.
1065 389 1289 455 miscuerant
1301 390 1898 472 profligandoshereticoseonspirabsnt.

219 467 340 525 Accedit
353 464 436 539 quod
450 465 534 534 plebs
549 463 686 534 subiecta
701 464 908 535 Optatoquem
919 477 1010 521 nossa
1065 463 1192 534 Optatus
1208 477 1290 527 vero,
1306 463 1644 533 sxtugustrnispistola
1666 464 1727 529 too.
1745 480 1774 523 n.
1791 467 1836 529 ot.
1851 480 1899 525 ιιι

185 537 684 610 cupimus,intrullauritaniar,non
696 534 1011 599 ravennatensium
1065 534 1136 593 tsuti
1150 535 1294 614 momenti
1309 533 1479 603 ignorabat,
1495 541 1546 597 aut
1560 535 1697 601 ignorare
1709 542 1835 605 poterat.

185 609 302 666 inclirsa
314 616 387 664 erat.
401 607 576 667 Mauritania
589 615 691 666 autent
700 606 751 664 illo
766 622 826 665 uon
840 612 904 667 erat
917 608 1012 665 casa·
1100 605 1241 674 Superest
1255 605 1355 673 igitur.
1369 611 1400 666 ut
1413 605 1510 674 Optati
1521 604 1659 667 dinoscis
1675 607 1704 667 in
1720 605 1896 668 linuritauia

184 681 289 736 aiensis
305 697 312 734 ι
326 680 459 750 alioquin
484 680 609 760 Optatus
630 678 757 735 concilio
775 677 858 749 uuod
871 682 1011 739 cassam
1064 675 1222 746 Tingitana
1235 676 1292 739 sita
1319 692 1383 737 esse
1398 676 1546 746 debuerit,
1567 676 1703 751 adeoque
1723 678 1752 735 in
1764 683 1897 741 extrema

185 751 363 817 habebatur,
379 766 449 807 cum
462 751 557 821 ipsius
573 749 683 820 scripta
695 747 1011 811 tueamurbemaltata
1040 799 1051 813 .
1065 746 1235 812 illustriss
1252 750 1343 820 parts.
1360 763 1427 821 quse
1443 749 1482 809 ab
1496 747 1639 831 Hispania
1662 748 1735 811 freto
1751 747 1898 811 Gaditano

183 829 262 888 sunt,
279 821 423 878 adfuisset
441 839 448 885 ;
465 836 500 877 ac
512 821 595 893 quod
610 821 647 877 ab
659 821 810 891 Episcopis
825 821 1012 881 casselensi»
1065 817 1216 899 disjuncte
1228 824 1281 879 est.
1296 834 1425 899 qumque
1449 819 1568 891 populis
1588 819 1736 884 duntaxat
1756 819 1896 883 barbaris

183 894 242 957 irus
262 908 314 967 per
334 892 445 953 litteras
473 894 637 965 paschata
660 891 778 953 concilii
794 892 931 957 Patribus
944 892 1011 967 ipse
1066 889 1694 965 incolebaturtunodcptimequedratoum
1708 891 1899 967 querimonia

183 979 285 1027 corana
299 963 489 1027 commodius
503 963 697 1035 postulasset.
1066 960 1097 1025 tc
1112 962 1203 1038 epist.
1216 964 1268 1023 202
1283 959 1339 1026 bis,
1352 977 1435 1023 num.
1450 965 1477 1029 7.
1506 962 1671 1035 deplorata.
1688 961 1725 1023 de
1744 963 1854 1024 rustica
1869 968 1899 1025 at

218 1037 276 1093 Nec
292 1036 463 1099 liaurltania
478 1034 528 1097 illa
540 1035 686 1097 Sitifensis
697 1037 761 1095 erat
775 1050 783 1093 t
798 1033 914 1098 nullutn
929 1032 1011 1096 snitu
1067 1033 1167 1095 minus
1177 1033 1323 1095 instructa
1335 1033 1509 1093 clericorum
1525 1035 1701 1111 turbantia
1717 1033 1824 1105 Optato
1835 1050 1898 1093 mo.

183 1105 310 1179 hujusce
326 1107 486 1179 provincias
511 1107 690 1182 episcopum
702 1105 932 1181 rauriacorum
944 1120 1012 1163 con·
1066 1104 1171 1230 laetiasi
1181 1105 1418 1239 gegeraverattin
1431 1104 1478 1235 isli}
1490 1104 1628 1235 rfblltsiss
1642 1104 1754 1185 quibus
1768 1106 1896 1169 edoctis

1067 1191 1151 1237 sacer
1174 1191 1213 1231 or
1240 1191 1274 1231 us
1298 1190 1369 1239 uera
1396 1191 1540 1237 tostus.

214 1256 251 1321 (a)
265 1255 329 1307 Vide
347 1256 470 1322 August..
489 1256 574 1323 Epist.
597 1256 673 1314 71,ιι,
692 1257 715 1313 l.

505 1726 552 1781 ιιι
571 1721 663 1790 nuos
682 1722 889 1779 reuocans
910 1722 1001 1779 suus
1021 1720 1144 1779 surturi
1163 1724 1350 1784 sucusruu
1370 1727 1559 1785 nrrsrotn.

780 1846 1299 1907 w--ucsancoarcs—--··-

417 1954 637 2011 manusculum
648 1953 782 2005 cohlccs

231 2039 295 2095 cura
309 2041 372 2095 rsots
383 2036 494 2101 sistartiis
508 2036 549 2091 hir
561 2035 678 2103 deinceps
689 2034 854 2105 designandis
872 2034 965 2088 indita.

184 2132 210 2173 a·
257 2117 368 2175 codices
386 2116 553 2173 bibliothecis
570 2114 725 2173 monasterii
742 2115 768 2165 S.
785 2112 874 2171 albini
891 2112 1016 2181 indena-

293 2210 392 2249 vensis.

182 2290 225 2330 aa.
257 2278 412 2329 lionastsrii
426 2277 453 2328 B.
470 2276 574 2329 Amulii
591 2275 724 2328 lietsnsis.

182 2373 212 2410 a.
259 2359 311 2408 litt.
326 2358 375 2412 PB.
387 2358 645 2422 augustinianorum
658 2356 768 2420 majoris
781 2359 931 2406 conventus
944 2351 1014 2407 lert·

292 2439 397 2489 densis.

184 2518 211 2569 h.
260 2518 398 2571 Beccsnsls
413 2517 536 2573 coenobii.

184 2597 220 2648 bl.
260 2596 357 2662 Belglci
370 2597 484 2653 codices,
494 2595 857 2647 seuvarlanteslectionesex
867 2593 919 2645 illis
931 2593 1014 2645 Lora-

292 2678 427 2735 niensium
441 2677 638 2745 theologorum
656 2688 721 2727 cura
739 2675 879 2740 decerpta.

181 2757 229 2814 bu.
256 2757 293 2815 Es
306 2757 465 2811 bibliotheca
478 2757 633 2807 monasterii
657 2755 685 2809 S.
707 2756 818 2820 Benigni
834 2755 1011 2807 Divionensia.

181 2837 217 2897 lu·
251 2837 278 2888 B.
293 2838 391 2891 Bertini
407 2839 433 2894 in
448 2837 540 2900 Belgio
552 2835 637 2887 codes
647 2837 837 2901 perantiquus,
851 2835 924 2891 unde
936 2839 1013 2891 eruta

291 2921 332 2968 ast
344 2931 418 2968 axoris
430 2917 464 2967 ad
478 2917 645 2969 Borestorum
657 2915 785 2980 Epistola.
798 2929 859 2980 quta
873 2928 946 2967 nuno
960 2916 1013 2979 pri·

292 3009 370 3050 muso
384 2996 483 3060 prodit.

181 3077 226 3142 bg.
254 3077 316 3126 lias.
335 3077 437 3126 domlnl
454 3077 539 3141 Bigot,
558 3075 775 3141 Botcmagansis.

180 3170 204 3208 a.
253 3156 375 3208 cnnsstt
390 3156 490 3207 casalis
505 3155 651 3207 Benedicti.

180 3250 219 3289 cc.
253 3236 437 3289 cisterciencis
455 3235 586 3286 Abbatirs.

180 3329 217 3368 es.
251 3317 339 3373 codex
355 3321 431 3367 retus
445 3317 496 3366 1111.
519 3316 566 3366 ΡΡ.
590 3315 808 3366 cisterciensium
829 3314 855 3365 S.
872 3315 963 3365 Crucis
983 3316 1012 3364 iu

288 3396 439 3449 Jerusalem
453 3397 481 3446 iu
496 3395 575 3455 Urbe,
594 3409 626 3445 ιι
644 3409 699 3461 quo
721 3395 763 3447 hic
781 3396 899 3461 primurn
923 3394 1012 3445 editur

288 3490 351 3529 ιιιι
362 3475 395 3531 ad
412 3474 538 3539 Atgptam
556 3474 684 3540 Epistola.

181 3555 215 3606 cl.
252 3555 316 3605 lies.
331 3555 500 3604 Bibliotheca
516 3554 682 3607 ectheseos.

179 3634 221 3693 oh.
255 3635 421 3690 corbeiensis
430 3636 585 3691 monasterii
599 3635 714 3694 codices,
723 3633 915 3700 pleriqueante
924 3646 1011 3691 sanos

288 3715 335 3765 tot
350 3719 398 3767 aui
409 3716 456 3764 too
472 3713 574 3780 scripti.

179 3796 214 3847 st.
255 3794 374 3845 cmnobii
384 3794 417 3844 ds
431 3794 541 3846 cuiturc
556 3794 629 3858 spuo
644 3793 822 3845 Cenomanos.

178 3887 202 3924 s.
251 3874 444 3939 Bacerptcrum
462 3875 576 3940 Bugypii
588 3873 694 3926 codices
707 3873 832 3926 duoliss.
848 3874 1011 3928 carcassen-

287 3955 323 4004 als
334 3959 360 4004 et
375 3955 553 4005 corbeiensis.

178 4031 199 4083 t.
251 4033 425 4084 Blcriccensia
439 4033 606 4084 bibliotheca
620 4034 683 4084 idas.

176 4112 204 4162 tl.
254 4113 341 4165 codex
356 4114 521 4166 cnrbeiensls
534 4117 596 4163 ante
606 4126 693 4164 annos
705 4112 810 4165 circiter
823 4114 869 4162 occ
879 4114 1007 4177 scriptus,

287 4194 333 4257 qui
345 4191 413 4243 Blori
424 4206 472 4249 seu
482 4193 560 4243 Beda
581 4193 683 4259 vulgati
693 4192 880 4249 collectionem
893 4193 921 4242 iu
932 4193 1011 4265 Epis·

289 4274 359 4329 iolas
371 4273 493 4338 Apostoli
506 4273 703 4341 complectitur.

180 4353 215 4413 is·
255 4353 320 4408 tiss.
332 4352 503 4411 Bibliotheca
519 4352 544 4405 S.
558 4353 643 4410 lisuri
659 4352 837 4411 casselensis.

180 4431 208 4489 c.
255 4433 368 4497 collegii
384 4433 514 4485 Buasnsls
529 4433 601 4498 apud
616 4433 764 4491 Tolosates.

179 4527 208 4577 g.
255 4513 651 4565 cemmeticensismonasterii.

179 4604 224 4656 gg.
254 4593 279 4643 8.
295 4593 419 4644 Germani
435 4595 547 4658 aprstls
561 4593 668 4645 codices
682 4595 791 4659 optimas
803 4596 885 4644 nota.

179 4685 223 4737 gr.
255 4672 365 4735 collegii
381 4673 538 4724 cerrasiani
548 4674 621 4738 apud
637 4675 750 4725 Parisios
767 4674 851 4724 codes
866 4673 972 4738 amplus
985 4677 1012 4724 et

289 4752 407 4817 elegans.

1065 1952 1089 2021 l.
1140 1955 1179 2005 11ιι
1192 1956 1354 2010 bibliotheca
1370 1958 1473 2010 domini
1485 1958 1555 2024 Jcly,
1572 1971 1655 2025 prisc.
1673 1959 1738 2012 eccl.
1749 1958 1831 2013 Paris.

1067 2034 1088 2092 1.
1139 2036 1327 2089 Laudnnensis
1342 2038 1461 2090 acclesiae
1476 2040 1581 2091 codices
1591 2039 1784 2111 antiquissimi,

1067 2129 1118 2171 mr·
1136 2115 1241 2175 Domini
1256 2118 1358 2178 Marso.
1372 2118 1474 2177 archid.
1493 2119 1557 2179 eccl.
1573 2119 1663 2177 Tolos.

1067 2209 1104 2255 m·
1138 2197 1293 2257 conuiuii
1306 2199 1331 2255 8.
1349 2199 1487 2257 Michaelis
1501 2199 1528 2249 in
1546 2199 1773 2265 proculcastis.

1066 2290 1095 2335 s.
1138 2279 1274 2335 usrnrtct
1285 2281 1423 2344 ormano
1433 2281 1589 2338 sutriensis
1599 2280 1897 2339 membraneumssens·

1176 2359 1236 2423 piar
1248 2360 1461 2424 amplissimum.

1067 2452 1093 2503 p.
1143 2438 1231 2491 codm
1247 2442 1386 2497 corticano.
1412 2441 1458 2504 qni
1481 2440 1546 2491 olim
1569 2440 1753 2491 Narbonensis
1778 2440 1897 2492 eeclesias

1175 2520 1234 2576 huit,
1253 2532 1325 2569 nunc
1337 2523 1378 2569 est
1390 2520 1502 2573 illustris
1519 2519 1627 2570 tamilla
1644 2519 1895 2570 Phimsrcoaensis:

1176 2612 1230 2663 quo
1245 2612 1277 2649 ex
1290 2599 1381 2650 codiee
1391 2599 1527 2664 prodeunt
1541 2613 1589 2648 ιιιι
1600 2603 1628 2649 st
1642 2613 1698 2655 aas,
1714 2599 1775 2649 dua
1790 2600 1896 2663 parbre-

1176 2693 1220 2728 ves
1238 2679 1272 2730 ad
1289 2668 1428 2730 Paulinum
1445 2678 1577 2743 Epistola,
1592 2679 1707 2729 antehac
1719 2678 1835 2729 ineditis.

1066 2772 1088 2810 r.
1136 2759 1227 2819 aegla
1243 2759 1408 2810 bibliotheca
1425 2760 1488 2809 Bisa.

1066 2850 1117 2889 rm.
1136 2839 1275 2890 Bemsnsis
1288 2840 1416 2891 ecclesiis.

1067 2933 1088 2975 s·
1139 2920 1263 2975 sceleste
1279 2920 1504 2985 sylvanectensis.

1065 2999 1106 3059 sb.
1138 3002 1276 3057 sorbonici
1292 3001 1408 3066 collegii.

1066 3086 1089 3143 t.
1140 3081 1308 3135 Bibliotheca
1327 3082 1488 3135 Telleriana.

1064 3165 1099 3217 tt.
1136 3160 1357 3215 theodeurinus
1368 3161 1534 3217 monasterii.

1065 3242 1104 3293 tls.
1137 3243 1272 3294 'l'hususrs
1289 3243 1468 3294 bibliothecis.

1064 3336 1091 3372 v.
1142 3323 1261 3374 Vaticcul
1276 3324 1391 3380 codices.
1404 3336 1518 3388 quorum
1534 3321 1675 3372 nobiscum
1689 3322 1895 3372 communicatas

1174 3408 1238 3453 sunt
1252 3404 1386 3455 variantes
1411 3403 1550 3459 lectiones,
1569 3401 1688 3452 collectae
1711 3400 1776 3452 olim
1792 3415 1840 3466 per
1855 3415 1895 3451 se·

1172 3483 1256 3534 lectos
1268 3485 1349 3542 viros,
1359 3484 1405 3555 qul
1420 3487 1481 3551 post
1493 3483 1639 3535 editionem
1650 3494 1666 3533 a
1678 3480 1894 3532 Loranlensibus

1173 3562 1341 3623 adornatam,
1353 3563 1517 3627 castigandis
1534 3563 1623 3615 denuo
1636 3561 1661 3612 B.
1679 3561 1822 3626 Augustini
1832 3573 1894 3627 ops-

1173 3642 1397 3701 ribusclementis
1413 3643 1469 3697 vlu
1483 3643 1645 3697 auctoritate
1660 3640 1861 3697 incumbebant.

1063 3736 1107 3775 rr.
1135 3723 1304 3777 Bihliotbeca
1318 3725 1344 3779 c.
1362 3723 1472 3777 vedasti
1484 3723 1678 3779 elestatensis.

1064 3816 1090 3853 s.
1138 3803 1164 3855 Β.
1176 3805 1291 3855 Victoris
1303 3804 1471 3857 parisiensis.

1064 3881 1107 3933 vd.
1143 3883 1486 3937 vindocinenslshbbatias.

1375 4050 1442 4086 sntsl
1467 4050 1578 4086 comm.

1064 4209 1124 4267 Am·
1139 4207 1219 4263 Liber
1232 4207 1414 4274 Epistularum
1431 4206 1617 4271 §.Augustini
1639 4218 1682 4263 sn·
1701 4205 1762 4262 lici
1779 4218 1894 4261 excusus

1173 4303 1255 4356 opera
1265 4288 1378 4345 ioannis
1388 4288 1422 4344 de
1432 4285 1583 4342 Amcrhcch
1594 4286 1661 4342 ciris
1675 4284 1844 4340 Basilesnsis.

1063 4368 1128 4425 Bsd.
1142 4369 1300 4486 mgigmgffi
1314 4368 1447 4421 iodoourn
1463 4366 1575 4423 Badium
1587 4366 1756 4423 oscensium.
1776 4365 1893 4420 Parisiis.

1064 4511 1107 4567 Er.
1141 4512 1269 4563 Besidesii
1297 4513 1399 4565 Bresmi
1419 4523 1484 4563 curs
1512 4509 1669 4573 recensitus,
1691 4509 1893 4574 impressusque

1172 4590 1347 4644 Brobouianls
1361 4593 1434 4657 typis
1449 4589 1568 4650 Basileus,
1580 4603 1614 4640 an
1628 4590 1702 4643 lost.

1063 4672 1128 4724 bor.
1140 4672 1181 4722 sd
1188 4673 1397 4724 bononiensium
1408 4670 1608 4734 'theologorum
1621 4669 1807 4719 recensionem
1814 4680 1893 4717 escu-

1174 4767 1221 4803 aus
1237 4754 1311 4819 typis
1323 4753 1498 4803 Plautiulania
1507 4750 1670 4815 Antuarpire,
1686 4762 1729 4799 an.
1743 4748 1814 4798 liic.

177 4918 462 5012 comparavimus
471 4934 641 5011 praeterea
660 4945 845 4997 aesomnes
860 4921 1027 4993 editiones
1041 4922 1142 4997 initio
1159 4923 1456 4996 Retraotationum
1469 4930 1553 4993 tom.
1570 4925 1600 5005 i,
1613 4931 1831 4990 mensuratos.
1844 4915 1889 4984 M.

873 5126 1191 5147 m
