<?xml version="1.0" encoding="UTF-8"?>
<!DOCTYPE html PUBLIC "-//W3C//DTD XHTML 1.0 Transitional//EN"
    "http://www.w3.org/TR/xhtml1/DTD/xhtml1-transitional.dtd">
<html xmlns="http://www.w3.org/1999/xhtml" xml:lang="en" lang="en">
 <head>
  <title>
</title>
<meta http-equiv="Content-Type" content="text/html;charset=utf-8" />
  <meta name='ocr-system' content='tesseract 3.04.00' />
  <meta name='ocr-capabilities' content='ocr_page ocr_carea ocr_par ocr_line ocrx_word'/>
</head>
<body>
  <div class='ocr_page' id='page_1' title='image "./patrologiaecurs05saingoog_0265.png"; bbox 0 0 3952 6128; ppageno 0'>
   <div class='ocr_carea' id='block_1_1' title="bbox 199 110 1908 183">
    <p class='ocr_par' dir='ltr' id='par_1_1' title="bbox 199 110 1908 183">
     <span class='ocr_line' id='line_1_1' title="bbox 199 110 1908 183; baseline -0.004 -4"><span class='ocrx_word' id='word_1_1' title='bbox 199 122 254 181; x_wconf 80' lang='lat' dir='ltr'><strong>cte</strong></span> <span class='ocrx_word' id='word_1_2' title='bbox 841 117 873 176; x_wconf 85' lang='lat' dir='ltr'><strong>S.</strong></span> <span class='ocrx_word' id='word_1_3' title='bbox 890 112 1083 176; x_wconf 78' lang='lat' dir='ltr'><strong>aucusrlrtl</strong></span> <span class='ocrx_word' id='word_1_4' title='bbox 1102 110 1264 174; x_wconf 71' lang='lat' dir='ltr'><strong>urlscolu</strong></span> <span class='ocrx_word' id='word_1_5' title='bbox 1777 136 1785 143; x_wconf 93' lang='lat'><em>·</em></span> <span class='ocrx_word' id='word_1_6' title='bbox 1850 122 1908 183; x_wconf 63' lang='lat'><strong>520</strong></span> 
     </span>
    </p>
   </div>
   <div class='ocr_carea' id='block_1_2' title="bbox 198 240 1908 413">
    <p class='ocr_par' dir='ltr' id='par_1_2' title="bbox 198 240 1908 413">
     <span class='ocr_line' id='line_1_2' title="bbox 198 240 1907 320; baseline 0.002 -15"><span class='ocrx_word' id='word_1_7' title='bbox 198 247 349 305; x_wconf 87' lang='lat' dir='ltr'><strong>auditura</strong></span> <span class='ocrx_word' id='word_1_8' title='bbox 362 244 490 318; x_wconf 85' lang='lat' dir='ltr'><strong>singulis</strong></span> <span class='ocrx_word' id='word_1_9' title='bbox 502 244 590 302; x_wconf 87' lang='lat' dir='ltr'><strong>etiam</strong></span> <span class='ocrx_word' id='word_1_10' title='bbox 606 247 713 310; x_wconf 90' lang='lat' dir='ltr'><strong>totum,</strong></span> <span class='ocrx_word' id='word_1_11' title='bbox 724 243 764 302; x_wconf 89' lang='lat' dir='ltr'><strong>ita</strong></span> <span class='ocrx_word' id='word_1_12' title='bbox 776 242 850 302; x_wconf 90' lang='lat' dir='ltr'><strong>illud</strong></span> <span class='ocrx_word' id='word_1_13' title='bbox 862 242 949 301; x_wconf 90' lang='lat' dir='ltr'><strong>simul</strong></span> <span class='ocrx_word' id='word_1_14' title='bbox 964 240 1026 299; x_wconf 90' lang='lat' dir='ltr'><strong>ubi·</strong></span> <span class='ocrx_word' id='word_1_15' title='bbox 1079 240 1241 309; x_wconf 89' lang='lat' dir='ltr'><strong>seminum,</strong></span> <span class='ocrx_word' id='word_1_16' title='bbox 1255 256 1333 314; x_wconf 90' lang='lat' dir='ltr'><strong>quos</strong></span> <span class='ocrx_word' id='word_1_17' title='bbox 1343 255 1486 300; x_wconf 89' lang='lat' dir='ltr'><strong>numeros</strong></span> <span class='ocrx_word' id='word_1_18' title='bbox 1502 241 1603 313; x_wconf 91' lang='lat' dir='ltr'><strong>habet,</strong></span> <span class='ocrx_word' id='word_1_19' title='bbox 1618 250 1647 304; x_wconf 92' lang='lat' dir='ltr'><strong>et</strong></span> <span class='ocrx_word' id='word_1_20' title='bbox 1667 260 1763 320; x_wconf 91' lang='lat' dir='ltr'><strong>quam</strong></span> <span class='ocrx_word' id='word_1_21' title='bbox 1775 248 1907 318; x_wconf 81' lang='lat' dir='ltr'><strong>vivaces,</strong></span> 
     </span>
     <span class='ocr_line' id='line_1_3' title="bbox 198 330 1908 413; baseline 0.002 -18"><span class='ocrx_word' id='word_1_22' title='bbox 198 353 259 412; x_wconf 95' lang='lat' dir='ltr'><strong>que</strong></span> <span class='ocrx_word' id='word_1_23' title='bbox 275 338 311 394; x_wconf 89' lang='lat' dir='ltr'><strong>sit</strong></span> <span class='ocrx_word' id='word_1_24' title='bbox 323 336 442 394; x_wconf 78' lang='lat' dir='ltr'><strong>totum?</strong></span> <span class='ocrx_word' id='word_1_25' title='bbox 1076 344 1170 404; x_wconf 92' lang='lat' dir='ltr'><strong>quam</strong></span> <span class='ocrx_word' id='word_1_26' title='bbox 1185 330 1334 397; x_wconf 81' lang='lat' dir='ltr'><strong>efficaces,</strong></span> <span class='ocrx_word' id='word_1_27' title='bbox 1354 346 1448 404; x_wconf 90' lang='lat' dir='ltr'><strong>quam</strong></span> <span class='ocrx_word' id='word_1_28' title='bbox 1459 332 1586 391; x_wconf 89' lang='lat' dir='ltr'><strong>latenter</strong></span> <span class='ocrx_word' id='word_1_29' title='bbox 1601 340 1750 408; x_wconf 88' lang='lat' dir='ltr'><strong>potentes,</strong></span> <span class='ocrx_word' id='word_1_30' title='bbox 1765 353 1861 413; x_wconf 89' lang='lat' dir='ltr'><strong>quam</strong></span> <span class='ocrx_word' id='word_1_31' title='bbox 1876 340 1908 397; x_wconf 89' lang='lat' dir='ltr'><strong>in</strong></span> 
     </span>
    </p>
   </div>
   <div class='ocr_carea' id='block_1_3' title="bbox 196 419 1909 676">
    <p class='ocr_par' dir='ltr' id='par_1_3' title="bbox 196 419 1909 676">
     <span class='ocr_line' id='line_1_4' title="bbox 234 419 1908 502; baseline 0.001 -18"><span class='ocrx_word' id='word_1_32' title='bbox 234 430 261 485; x_wconf 82' lang='lat'><strong>8.</strong></span> <span class='ocrx_word' id='word_1_33' title='bbox 275 419 1025 498; x_wconf 84' lang='lat' dir='ltr'><strong>Nonitaquemetuendumestcorpusculuminian-</strong></span> <span class='ocrx_word' id='word_1_34' title='bbox 1077 434 1171 493; x_wconf 86' lang='lat' dir='ltr'><strong>parvo</strong></span> <span class='ocrx_word' id='word_1_35' title='bbox 1194 435 1306 492; x_wconf 86' lang='lat' dir='ltr'><strong>magna</strong></span> <span class='ocrx_word' id='word_1_36' title='bbox 1321 421 1488 489; x_wconf 76' lang='lat' dir='ltr'><strong>molientes,</strong></span> <span class='ocrx_word' id='word_1_37' title='bbox 1510 423 1580 495; x_wconf 92' lang='lat' dir='ltr'><strong>quis</strong></span> <span class='ocrx_word' id='word_1_38' title='bbox 1594 423 1685 484; x_wconf 90' lang='lat' dir='ltr'><strong>adeat</strong></span> <span class='ocrx_word' id='word_1_39' title='bbox 1708 426 1823 498; x_wconf 89' lang='lat' dir='ltr'><strong>animo,</strong></span> <span class='ocrx_word' id='word_1_40' title='bbox 1838 429 1908 502; x_wconf 86' lang='lat' dir='ltr'><strong>qula</strong></span> 
     </span>
     <span class='ocr_line' id='line_1_5' title="bbox 199 508 1909 585; baseline 0.001 -10"><span class='ocrx_word' id='word_1_41' title='bbox 199 518 257 584; x_wconf 83' lang='lat' dir='ltr'><strong>tiss,</strong></span> <span class='ocrx_word' id='word_1_42' title='bbox 271 531 308 573; x_wconf 94' lang='lat' dir='ltr'><strong>ne</strong></span> <span class='ocrx_word' id='word_1_43' title='bbox 321 517 352 571; x_wconf 94' lang='lat' dir='ltr'><strong>in</strong></span> <span class='ocrx_word' id='word_1_44' title='bbox 365 513 416 571; x_wconf 90' lang='lat' dir='ltr'><strong>ilio</strong></span> <span class='ocrx_word' id='word_1_45' title='bbox 432 518 530 570; x_wconf 89' lang='lat' dir='ltr'><strong>tantas</strong></span> <span class='ocrx_word' id='word_1_46' title='bbox 544 513 554 549; x_wconf 89' lang='lat'>¹</span> <span class='ocrx_word' id='word_1_47' title='bbox 568 512 647 569; x_wconf 89' lang='lat' dir='ltr'><strong>Deus</strong></span> <span class='ocrx_word' id='word_1_48' title='bbox 664 514 818 584; x_wconf 87' lang='lat' dir='ltr'><strong>angustias</strong></span> <span class='ocrx_word' id='word_1_49' title='bbox 834 528 941 585; x_wconf 87' lang='lat' dir='ltr'><strong>passus</strong></span> <span class='ocrx_word' id='word_1_50' title='bbox 958 524 1024 566; x_wconf 91' lang='lat' dir='ltr'><strong>esse</strong></span> <span class='ocrx_word' id='word_1_51' title='bbox 1077 512 1198 581; x_wconf 87' lang='lat' dir='ltr'><strong>promat</strong></span> <span class='ocrx_word' id='word_1_52' title='bbox 1212 508 1332 584; x_wconf 90' lang='lat' dir='ltr'><strong>eloquio</strong></span> <span class='ocrx_word' id='word_1_53' title='bbox 1346 508 1361 566; x_wconf 79' lang='lat' dir='ltr'><strong>i</strong></span> <span class='ocrx_word' id='word_1_54' title='bbox 1375 509 1424 567; x_wconf 88' lang='lat' dir='ltr'><strong>ilie</strong></span> <span class='ocrx_word' id='word_1_55' title='bbox 1439 511 1530 583; x_wconf 91' lang='lat' dir='ltr'><strong>igitur</strong></span> <span class='ocrx_word' id='word_1_56' title='bbox 1542 512 1600 570; x_wconf 91' lang='lat' dir='ltr'><strong>sibi</strong></span> <span class='ocrx_word' id='word_1_57' title='bbox 1615 514 1770 573; x_wconf 90' lang='lat' dir='ltr'><strong>hominem</strong></span> <span class='ocrx_word' id='word_1_58' title='bbox 1784 517 1849 575; x_wconf 85' lang='lat' dir='ltr'><strong>sine</strong></span> <span class='ocrx_word' id='word_1_59' title='bbox 1864 534 1909 577; x_wconf 90' lang='lat' dir='ltr'><strong>se-</strong></span> 
     </span>
     <span class='ocr_line' id='line_1_6' title="bbox 196 597 1908 676; baseline 0.002 -14"><span class='ocrx_word' id='word_1_60' title='bbox 196 603 539 676; x_wconf 74' lang='lat' dir='ltr'><strong>videnturusqueenim</strong></span> <span class='ocrx_word' id='word_1_61' title='bbox 553 600 641 669; x_wconf 89' lang='lat' dir='ltr'><strong>mole,</strong></span> <span class='ocrx_word' id='word_1_62' title='bbox 658 602 711 658; x_wconf 87' lang='lat' dir='ltr'><strong>sed</strong></span> <span class='ocrx_word' id='word_1_63' title='bbox 721 602 826 659; x_wconf 87' lang='lat' dir='ltr'><strong>virtute</strong></span> <span class='ocrx_word' id='word_1_64' title='bbox 839 615 968 671; x_wconf 90' lang='lat' dir='ltr'><strong>magnus</strong></span> <span class='ocrx_word' id='word_1_65' title='bbox 978 601 1024 656; x_wconf 89' lang='lat' dir='ltr'><strong>est</strong></span> <span class='ocrx_word' id='word_1_66' title='bbox 1077 597 1157 653; x_wconf 92' lang='lat' dir='ltr'><strong>mine</strong></span> <span class='ocrx_word' id='word_1_67' title='bbox 1171 604 1312 670; x_wconf 85' lang='lat' dir='ltr'><strong>operatus</strong></span> <span class='ocrx_word' id='word_1_68' title='bbox 1327 603 1380 664; x_wconf 87' lang='lat' dir='ltr'><strong>est,</strong></span> <span class='ocrx_word' id='word_1_69' title='bbox 1395 600 1447 673; x_wconf 91' lang='lat' dir='ltr'><strong>qui</strong></span> <span class='ocrx_word' id='word_1_70' title='bbox 1463 600 1493 657; x_wconf 91' lang='lat' dir='ltr'><strong>in</strong></span> <span class='ocrx_word' id='word_1_71' title='bbox 1504 616 1603 657; x_wconf 91' lang='lat' dir='ltr'><strong>rerum</strong></span> <span class='ocrx_word' id='word_1_72' title='bbox 1620 608 1727 661; x_wconf 91' lang='lat' dir='ltr'><strong>natura</strong></span> <span class='ocrx_word' id='word_1_73' title='bbox 1739 604 1804 664; x_wconf 89' lang='lat' dir='ltr'><strong>sine</strong></span> <span class='ocrx_word' id='word_1_74' title='bbox 1818 608 1908 666; x_wconf 90' lang='lat' dir='ltr'><strong>semi·</strong></span> 
     </span>
    </p>
   </div>
   <div class='ocr_carea' id='block_1_4' title="bbox 193 684 1908 2990">
    <p class='ocr_par' dir='ltr' id='par_1_4' title="bbox 193 684 1908 2990">
     <span class='ocr_line' id='line_1_7' title="bbox 197 684 1908 766; baseline 0.004 -19"><span class='ocrx_word' id='word_1_75' title='bbox 197 693 296 762; x_wconf 85' lang='lat' dir='ltr'><strong>Deus;</strong></span> <span class='ocrx_word' id='word_1_76' title='bbox 314 691 366 766; x_wconf 93' lang='lat' dir='ltr'><strong>qui</strong></span> <span class='ocrx_word' id='word_1_77' title='bbox 382 690 570 764; x_wconf 84' lang='lat' dir='ltr'><strong>providentia</strong></span> <span class='ocrx_word' id='word_1_78' title='bbox 584 707 639 748; x_wconf 90' lang='lat' dir='ltr'><strong>sua</strong></span> <span class='ocrx_word' id='word_1_79' title='bbox 652 690 805 748; x_wconf 90' lang='lat' dir='ltr'><strong>meliorem</strong></span> <span class='ocrx_word' id='word_1_80' title='bbox 826 705 951 747; x_wconf 87' lang='lat' dir='ltr'><strong>sensum</strong></span> <span class='ocrx_word' id='word_1_81' title='bbox 967 688 1023 746; x_wconf 84' lang='lat' dir='ltr'><strong>lor·</strong></span> <span class='ocrx_word' id='word_1_82' title='bbox 1076 684 1354 759; x_wconf 88' lang='lat' dir='ltr'><strong>nibusoperaturel</strong></span> <span class='ocrx_word' id='word_1_83' title='bbox 1366 688 1548 747; x_wconf 87' lang='lat' dir='ltr'><strong>semina.llle</strong></span> <span class='ocrx_word' id='word_1_84' title='bbox 1559 690 1653 749; x_wconf 90' lang='lat' dir='ltr'><strong>insuo</strong></span> <span class='ocrx_word' id='word_1_85' title='bbox 1664 708 1789 766; x_wconf 91' lang='lat' dir='ltr'><strong>corpore</strong></span> <span class='ocrx_word' id='word_1_86' title='bbox 1802 710 1908 754; x_wconf 87' lang='lat' dir='ltr'><strong>nume·</strong></span> 
     </span>
     <span class='ocr_line' id='line_1_8' title="bbox 196 777 1907 859; baseline 0.002 -20"><span class='ocrx_word' id='word_1_87' title='bbox 196 781 315 839; x_wconf 88' lang='lat' dir='ltr'><strong>micuiis</strong></span> <span class='ocrx_word' id='word_1_88' title='bbox 333 785 362 839; x_wconf 89' lang='lat' dir='ltr'><strong>et</strong></span> <span class='ocrx_word' id='word_1_89' title='bbox 375 780 502 855; x_wconf 74' lang='lat' dir='ltr'><strong>apiculis</strong></span> <span class='ocrx_word' id='word_1_90' title='bbox 517 780 600 836; x_wconf 86' lang='lat' dir='ltr'><strong>dedit</strong></span> <span class='ocrx_word' id='word_1_91' title='bbox 613 795 707 853; x_wconf 88' lang='lat' dir='ltr'><strong>quam</strong></span> <span class='ocrx_word' id='word_1_92' title='bbox 721 779 816 837; x_wconf 89' lang='lat' dir='ltr'><strong>asinis</strong></span> <span class='ocrx_word' id='word_1_93' title='bbox 832 784 861 836; x_wconf 92' lang='lat' dir='ltr'><strong>et</strong></span> <span class='ocrx_word' id='word_1_94' title='bbox 875 777 998 835; x_wconf 91' lang='lat' dir='ltr'><strong>camelis</strong></span> <span class='ocrx_word' id='word_1_95' title='bbox 1014 795 1021 846; x_wconf 90' lang='lat'><strong>;</strong></span> <span class='ocrx_word' id='word_1_96' title='bbox 1075 791 1126 832; x_wconf 86' lang='lat' dir='ltr'><strong>ros</strong></span> <span class='ocrx_word' id='word_1_97' title='bbox 1143 779 1312 849; x_wconf 90' lang='lat' dir='ltr'><strong>temporum</strong></span> <span class='ocrx_word' id='word_1_98' title='bbox 1329 793 1545 851; x_wconf 76' lang='lat' dir='ltr'>mensurasque</span> <span class='ocrx_word' id='word_1_99' title='bbox 1560 781 1689 839; x_wconf 81' lang='lat' dir='ltr'><strong>servavit</strong></span> <span class='ocrx_word' id='word_1_100' title='bbox 1702 788 1837 852; x_wconf 72' lang='lat' dir='ltr'><strong>atatam,</strong></span> <span class='ocrx_word' id='word_1_101' title='bbox 1851 784 1907 859; x_wconf 90' lang='lat' dir='ltr'><strong>qui</strong></span> 
     </span>
     <span class='ocr_line' id='line_1_9' title="bbox 197 863 1906 945; baseline 0.003 -18"><span class='ocrx_word' id='word_1_102' title='bbox 197 871 291 945; x_wconf 88' lang='lat' dir='ltr'><strong>quiex</strong></span> <span class='ocrx_word' id='word_1_103' title='bbox 300 885 394 943; x_wconf 92' lang='lat' dir='ltr'><strong>grano</strong></span> <span class='ocrx_word' id='word_1_104' title='bbox 408 868 610 926; x_wconf 91' lang='lat' dir='ltr'><strong>minutissimo</strong></span> <span class='ocrx_word' id='word_1_105' title='bbox 623 868 745 926; x_wconf 90' lang='lat' dir='ltr'><strong>seminis</strong></span> <span class='ocrx_word' id='word_1_106' title='bbox 758 872 874 925; x_wconf 73' lang='lat' dir='ltr'><strong>tantm</strong></span> <span class='ocrx_word' id='word_1_107' title='bbox 886 866 1022 924; x_wconf 71' lang='lat' dir='ltr'><strong>liculnea</strong></span> <span class='ocrx_word' id='word_1_108' title='bbox 1075 863 1140 921; x_wconf 93' lang='lat' dir='ltr'><strong>sine</strong></span> <span class='ocrx_word' id='word_1_109' title='bbox 1151 864 1621 926; x_wconf 85' lang='lat' dir='ltr'><strong>ullasuimutabilitatemutando</strong></span> <span class='ocrx_word' id='word_1_110' title='bbox 1632 872 1906 932; x_wconf 88' lang='lat' dir='ltr'><strong>contexitordinem</strong></span> 
     </span>
     <span class='ocr_line' id='line_1_10' title="bbox 197 952 1907 1035; baseline 0.007 -17"><span class='ocrx_word' id='word_1_111' title='bbox 197 960 316 1018; x_wconf 87' lang='lat' dir='ltr'><strong>arboris</strong></span> <span class='ocrx_word' id='word_1_112' title='bbox 330 958 567 1032; x_wconf 74' lang='lat' dir='ltr'><strong>magnitudinem</strong></span> <span class='ocrx_word' id='word_1_113' title='bbox 578 963 668 1030; x_wconf 84' lang='lat' dir='ltr'><strong>creat,</strong></span> <span class='ocrx_word' id='word_1_114' title='bbox 684 974 755 1015; x_wconf 91' lang='lat' dir='ltr'><strong>cum</strong></span> <span class='ocrx_word' id='word_1_115' title='bbox 766 973 803 1014; x_wconf 87' lang='lat' dir='ltr'><strong>ex</strong></span> <span class='ocrx_word' id='word_1_116' title='bbox 819 956 912 1015; x_wconf 92' lang='lat' dir='ltr'><strong>multo</strong></span> <span class='ocrx_word' id='word_1_117' title='bbox 927 957 1023 1027; x_wconf 82' lang='lat' dir='ltr'><strong>majo·</strong></span> <span class='ocrx_word' id='word_1_118' title='bbox 1075 952 1333 1012; x_wconf 78' lang='lat' dir='ltr'><strong>seculorumlioc</strong></span> <span class='ocrx_word' id='word_1_119' title='bbox 1343 954 1423 1011; x_wconf 92' lang='lat' dir='ltr'><strong>enim</strong></span> <span class='ocrx_word' id='word_1_120' title='bbox 1439 957 1531 1013; x_wconf 90' lang='lat' dir='ltr'><strong>crevit</strong></span> <span class='ocrx_word' id='word_1_121' title='bbox 1543 957 1573 1014; x_wconf 93' lang='lat' dir='ltr'><strong>in</strong></span> <span class='ocrx_word' id='word_1_122' title='bbox 1585 963 1729 1031; x_wconf 83' lang='lat' dir='ltr'><strong>tempore.</strong></span> <span class='ocrx_word' id='word_1_123' title='bbox 1746 961 1829 1035; x_wconf 76' lang='lat' dir='ltr'><strong>quod</strong></span> <span class='ocrx_word' id='word_1_124' title='bbox 1843 978 1907 1020; x_wconf 70' lang='lat' dir='ltr'><strong>&lt;2oe-</strong></span> 
     </span>
     <span class='ocr_line' id='line_1_11' title="bbox 195 1041 1905 1126; baseline 0.002 -20"><span class='ocrx_word' id='word_1_125' title='bbox 195 1049 282 1107; x_wconf 88' lang='lat' dir='ltr'><strong>ribus</strong></span> <span class='ocrx_word' id='word_1_126' title='bbox 296 1048 462 1105; x_wconf 89' lang='lat' dir='ltr'><strong>seminibus</strong></span> <span class='ocrx_word' id='word_1_127' title='bbox 487 1046 576 1119; x_wconf 88' lang='lat' dir='ltr'><strong>longe</strong></span> <span class='ocrx_word' id='word_1_128' title='bbox 592 1046 709 1104; x_wconf 87' lang='lat' dir='ltr'><strong>minora</strong></span> <span class='ocrx_word' id='word_1_129' title='bbox 732 1046 1020 1111; x_wconf 87' lang='lat' dir='ltr'><strong>mulianascanlur;</strong></span> <span class='ocrx_word' id='word_1_130' title='bbox 1075 1041 1117 1115; x_wconf 86' lang='lat' dir='ltr'><strong>pit</strong></span> <span class='ocrx_word' id='word_1_131' title='bbox 1125 1047 1312 1116; x_wconf 84' lang='lat' dir='ltr'><strong>extempors.</strong></span> <span class='ocrx_word' id='word_1_132' title='bbox 1320 1044 1447 1101; x_wconf 91' lang='lat' dir='ltr'><strong>Verbum</strong></span> <span class='ocrx_word' id='word_1_133' title='bbox 1455 1047 1591 1103; x_wconf 90' lang='lat' dir='ltr'><strong>antemin</strong></span> <span class='ocrx_word' id='word_1_134' title='bbox 1599 1048 1754 1123; x_wconf 91' lang='lat' dir='ltr'><strong>principio,</strong></span> <span class='ocrx_word' id='word_1_135' title='bbox 1763 1051 1905 1126; x_wconf 91' lang='lat' dir='ltr'><strong>perquod</strong></span> 
     </span>
     <span class='ocr_line' id='line_1_12' title="bbox 196 1130 1905 1214; baseline 0.004 -21"><span class='ocrx_word' id='word_1_136' title='bbox 196 1137 249 1212; x_wconf 93' lang='lat' dir='ltr'><strong>qui</strong></span> <span class='ocrx_word' id='word_1_137' title='bbox 260 1135 402 1210; x_wconf 89' lang='lat' dir='ltr'><strong>pupillam</strong></span> <span class='ocrx_word' id='word_1_138' title='bbox 416 1141 478 1193; x_wconf 89' lang='lat' dir='ltr'><strong>tam</strong></span> <span class='ocrx_word' id='word_1_139' title='bbox 490 1150 615 1208; x_wconf 88' lang='lat' dir='ltr'><strong>parvam</strong></span> <span class='ocrx_word' id='word_1_140' title='bbox 627 1134 808 1201; x_wconf 86' lang='lat' dir='ltr'><strong>ditavitacie,</strong></span> <span class='ocrx_word' id='word_1_141' title='bbox 821 1150 881 1207; x_wconf 90' lang='lat' dir='ltr'><strong>qua</strong></span> <span class='ocrx_word' id='word_1_142' title='bbox 890 1149 942 1208; x_wconf 87' lang='lat' dir='ltr'><strong>per</strong></span> <span class='ocrx_word' id='word_1_143' title='bbox 953 1149 1022 1190; x_wconf 91' lang='lat' dir='ltr'><strong>ocu·</strong></span> <span class='ocrx_word' id='word_1_144' title='bbox 1074 1130 1153 1188; x_wconf 84' lang='lat' dir='ltr'><strong>tacta</strong></span> <span class='ocrx_word' id='word_1_145' title='bbox 1167 1137 1236 1189; x_wconf 92' lang='lat' dir='ltr'><strong>sunt</strong></span> <span class='ocrx_word' id='word_1_146' title='bbox 1251 1137 1397 1206; x_wconf 87' lang='lat' dir='ltr'><strong>tempora,</strong></span> <span class='ocrx_word' id='word_1_147' title='bbox 1407 1138 1525 1206; x_wconf 88' lang='lat' dir='ltr'><strong>tempus</strong></span> <span class='ocrx_word' id='word_1_148' title='bbox 1539 1136 1627 1208; x_wconf 91' lang='lat' dir='ltr'><strong>elegit</strong></span> <span class='ocrx_word' id='word_1_149' title='bbox 1641 1138 1724 1211; x_wconf 94' lang='lat' dir='ltr'><strong>quod</strong></span> <span class='ocrx_word' id='word_1_150' title='bbox 1739 1140 1905 1214; x_wconf 90' lang='lat' dir='ltr'><strong>susciperet</strong></span> 
     </span>
     <span class='ocr_line' id='line_1_13' title="bbox 196 1222 1904 1297; baseline 0.005 -21"><span class='ocrx_word' id='word_1_151' title='bbox 196 1227 242 1285; x_wconf 69' lang='lat'><strong>10⁸</strong></span> <span class='ocrx_word' id='word_1_152' title='bbox 260 1229 417 1292; x_wconf 74' lang='lat' dir='ltr'><strong>emicante,</strong></span> <span class='ocrx_word' id='word_1_153' title='bbox 429 1225 459 1281; x_wconf 95' lang='lat' dir='ltr'><strong>in</strong></span> <span class='ocrx_word' id='word_1_154' title='bbox 473 1224 533 1281; x_wconf 94' lang='lat' dir='ltr'><strong>ictu</strong></span> <span class='ocrx_word' id='word_1_155' title='bbox 549 1223 690 1297; x_wconf 89' lang='lat' dir='ltr'><strong>temporis</strong></span> <span class='ocrx_word' id='word_1_156' title='bbox 705 1223 814 1281; x_wconf 87' lang='lat' dir='ltr'><strong>coelum</strong></span> <span class='ocrx_word' id='word_1_157' title='bbox 830 1239 921 1296; x_wconf 84' lang='lat' dir='ltr'><strong>prope</strong></span> <span class='ocrx_word' id='word_1_158' title='bbox 933 1222 1021 1279; x_wconf 92' lang='lat' dir='ltr'><strong>dimi·</strong></span> <span class='ocrx_word' id='word_1_159' title='bbox 1074 1234 1208 1285; x_wconf 89' lang='lat' dir='ltr'><strong>carnem,</strong></span> <span class='ocrx_word' id='word_1_160' title='bbox 1216 1237 1276 1278; x_wconf 94' lang='lat' dir='ltr'><strong>non</strong></span> <span class='ocrx_word' id='word_1_161' title='bbox 1285 1224 1411 1295; x_wconf 88' lang='lat' dir='ltr'><strong>tempori</strong></span> <span class='ocrx_word' id='word_1_162' title='bbox 1421 1223 1508 1280; x_wconf 82' lang='lat' dir='ltr'><strong>cessit</strong></span> <span class='ocrx_word' id='word_1_163' title='bbox 1520 1227 1551 1280; x_wconf 93' lang='lat' dir='ltr'><strong>ul</strong></span> <span class='ocrx_word' id='word_1_164' title='bbox 1561 1230 1722 1284; x_wconf 82' lang='lat' dir='ltr'><strong>verteretur</strong></span> <span class='ocrx_word' id='word_1_165' title='bbox 1731 1228 1761 1285; x_wconf 92' lang='lat' dir='ltr'><strong>in</strong></span> <span class='ocrx_word' id='word_1_166' title='bbox 1768 1245 1904 1287; x_wconf 88' lang='lat' dir='ltr'><strong>carnem.</strong></span> 
     </span>
     <span class='ocr_line' id='line_1_14' title="bbox 196 1310 1903 1386; baseline 0.002 -14"><span class='ocrx_word' id='word_1_167' title='bbox 196 1315 281 1373; x_wconf 94' lang='lat' dir='ltr'><strong>dium</strong></span> <span class='ocrx_word' id='word_1_168' title='bbox 303 1314 478 1371; x_wconf 75' lang='lat' dir='ltr'><strong>lustraretur</strong></span> <span class='ocrx_word' id='word_1_169' title='bbox 493 1331 501 1382; x_wconf 80' lang='lat'>3</span> <span class='ocrx_word' id='word_1_170' title='bbox 514 1313 566 1386; x_wconf 92' lang='lat' dir='ltr'><strong>qui</strong></span> <span class='ocrx_word' id='word_1_171' title='bbox 586 1329 623 1369; x_wconf 91' lang='lat' dir='ltr'><strong>ex</strong></span> <span class='ocrx_word' id='word_1_172' title='bbox 643 1319 755 1385; x_wconf 89' lang='lat' dir='ltr'><strong>puncto</strong></span> <span class='ocrx_word' id='word_1_173' title='bbox 771 1316 800 1370; x_wconf 89' lang='lat' dir='ltr'><strong>et</strong></span> <span class='ocrx_word' id='word_1_174' title='bbox 813 1313 901 1384; x_wconf 90' lang='lat' dir='ltr'><strong>quasi</strong></span> <span class='ocrx_word' id='word_1_175' title='bbox 919 1317 1021 1369; x_wconf 92' lang='lat' dir='ltr'><strong>centro</strong></span> <span class='ocrx_word' id='word_1_176' title='bbox 1075 1311 1170 1366; x_wconf 87' lang='lat' dir='ltr'><strong>Homo</strong></span> <span class='ocrx_word' id='word_1_177' title='bbox 1182 1310 1294 1384; x_wconf 91' lang='lat' dir='ltr'><strong>quippe</strong></span> <span class='ocrx_word' id='word_1_178' title='bbox 1307 1313 1367 1369; x_wconf 84' lang='lat' dir='ltr'><strong>ilco</strong></span> <span class='ocrx_word' id='word_1_179' title='bbox 1380 1313 1516 1379; x_wconf 82' lang='lat' dir='ltr'><strong>necessit,</strong></span> <span class='ocrx_word' id='word_1_180' title='bbox 1529 1329 1589 1370; x_wconf 93' lang='lat' dir='ltr'><strong>non</strong></span> <span class='ocrx_word' id='word_1_181' title='bbox 1602 1314 1679 1371; x_wconf 87' lang='lat' dir='ltr'><strong>Deus</strong></span> <span class='ocrx_word' id='word_1_182' title='bbox 1692 1332 1710 1372; x_wconf 90' lang='lat' dir='ltr'><strong>a</strong></span> <span class='ocrx_word' id='word_1_183' title='bbox 1724 1332 1756 1373; x_wconf 91' lang='lat' dir='ltr'><strong>se</strong></span> <span class='ocrx_word' id='word_1_184' title='bbox 1768 1319 1903 1376; x_wconf 87' lang='lat' dir='ltr'><strong>recessit.</strong></span> 
     </span>
     <span class='ocr_line' id='line_1_15' title="bbox 196 1399 1905 1479; baseline 0.002 -18"><span class='ocrx_word' id='word_1_185' title='bbox 196 1404 320 1469; x_wconf 88' lang='lat' dir='ltr'><strong>cerebri,</strong></span> <span class='ocrx_word' id='word_1_186' title='bbox 341 1418 447 1460; x_wconf 90' lang='lat' dir='ltr'><strong>sensus</strong></span> <span class='ocrx_word' id='word_1_187' title='bbox 464 1418 570 1459; x_wconf 87' lang='lat' dir='ltr'><strong>omnes</strong></span> <span class='ocrx_word' id='word_1_188' title='bbox 584 1401 723 1473; x_wconf 90' lang='lat' dir='ltr'><strong>quinaria</strong></span> <span class='ocrx_word' id='word_1_189' title='bbox 747 1401 954 1458; x_wconf 90' lang='lat' dir='ltr'><strong>distributione</strong></span> <span class='ocrx_word' id='word_1_190' title='bbox 966 1399 1022 1456; x_wconf 86' lang='lat' dir='ltr'><strong>dil·</strong></span> <span class='ocrx_word' id='word_1_191' title='bbox 1113 1403 1154 1453; x_wconf 92' lang='lat' dir='ltr'><strong>ll.</strong></span> <span class='ocrx_word' id='word_1_192' title='bbox 1172 1399 1218 1457; x_wconf 88' lang='lat' dir='ltr'><strong>Sic</strong></span> <span class='ocrx_word' id='word_1_193' title='bbox 1230 1404 1330 1456; x_wconf 91' lang='lat' dir='ltr'><strong>aulem</strong></span> <span class='ocrx_word' id='word_1_194' title='bbox 1347 1401 1472 1474; x_wconf 89' lang='lat' dir='ltr'><strong>quidam</strong></span> <span class='ocrx_word' id='word_1_195' title='bbox 1488 1402 1572 1459; x_wconf 88' lang='lat' dir='ltr'><strong>reddi</strong></span> <span class='ocrx_word' id='word_1_196' title='bbox 1586 1403 1641 1459; x_wconf 89' lang='lat' dir='ltr'><strong>sibi</strong></span> <span class='ocrx_word' id='word_1_197' title='bbox 1657 1405 1800 1463; x_wconf 86' lang='lat' dir='ltr'><strong>rationem</strong></span> <span class='ocrx_word' id='word_1_198' title='bbox 1817 1407 1905 1479; x_wconf 88' lang='lat' dir='ltr'><strong>flagi·</strong></span> 
     </span>
     <span class='ocr_line' id='line_1_16' title="bbox 195 1488 1904 1566; baseline 0.002 -17"><span class='ocrx_word' id='word_1_199' title='bbox 195 1492 296 1552; x_wconf 80' lang='lat' dir='ltr'><strong>tundit</strong></span> <span class='ocrx_word' id='word_1_200' title='bbox 316 1491 390 1566; x_wconf 92' lang='lat' dir='ltr'><strong>;qui</strong></span> <span class='ocrx_word' id='word_1_201' title='bbox 405 1491 505 1557; x_wconf 88' lang='lat' dir='ltr'><strong>eorde,</strong></span> <span class='ocrx_word' id='word_1_202' title='bbox 522 1491 659 1547; x_wconf 90' lang='lat' dir='ltr'><strong>membro</strong></span> <span class='ocrx_word' id='word_1_203' title='bbox 679 1494 741 1547; x_wconf 90' lang='lat' dir='ltr'><strong>tam</strong></span> <span class='ocrx_word' id='word_1_204' title='bbox 764 1489 882 1560; x_wconf 90' lang='lat' dir='ltr'><strong>exiguo,</strong></span> <span class='ocrx_word' id='word_1_205' title='bbox 903 1488 1021 1545; x_wconf 84' lang='lat' dir='ltr'><strong>vitalem</strong></span> <span class='ocrx_word' id='word_1_206' title='bbox 1074 1490 1147 1558; x_wconf 88' lang='lat' dir='ltr'><strong>tant,</strong></span> <span class='ocrx_word' id='word_1_207' title='bbox 1159 1489 1314 1559; x_wconf 91' lang='lat' dir='ltr'><strong>quomodo</strong></span> <span class='ocrx_word' id='word_1_208' title='bbox 1332 1491 1407 1546; x_wconf 81' lang='lat' dir='ltr'><strong>licus</strong></span> <span class='ocrx_word' id='word_1_209' title='bbox 1421 1490 1536 1547; x_wconf 91' lang='lat' dir='ltr'><strong>homini</strong></span> <span class='ocrx_word' id='word_1_210' title='bbox 1552 1493 1718 1563; x_wconf 88' lang='lat' dir='ltr'><strong>permixtus</strong></span> <span class='ocrx_word' id='word_1_211' title='bbox 1733 1495 1778 1563; x_wconf 88' lang='lat' dir='ltr'><strong>sit,</strong></span> <span class='ocrx_word' id='word_1_212' title='bbox 1795 1503 1826 1552; x_wconf 94' lang='lat' dir='ltr'><strong>ut</strong></span> <span class='ocrx_word' id='word_1_213' title='bbox 1842 1512 1904 1554; x_wconf 89' lang='lat' dir='ltr'><strong>una</strong></span> 
     </span>
     <span class='ocr_line' id='line_1_17' title="bbox 196 1574 1904 1656; baseline 0.004 -20"><span class='ocrx_word' id='word_1_214' title='bbox 196 1585 313 1639; x_wconf 89' lang='lat' dir='ltr'><strong>motum</strong></span> <span class='ocrx_word' id='word_1_215' title='bbox 329 1595 381 1654; x_wconf 88' lang='lat' dir='ltr'><strong>per</strong></span> <span class='ocrx_word' id='word_1_216' title='bbox 394 1580 528 1652; x_wconf 89' lang='lat' dir='ltr'><strong>corporis</strong></span> <span class='ocrx_word' id='word_1_217' title='bbox 544 1584 652 1635; x_wconf 90' lang='lat' dir='ltr'><strong>cuncta</strong></span> <span class='ocrx_word' id='word_1_218' title='bbox 673 1578 827 1650; x_wconf 87' lang='lat' dir='ltr'><strong>dispensat</strong></span> <span class='ocrx_word' id='word_1_219' title='bbox 843 1594 850 1634; x_wconf 77' lang='grc' dir='ltr'><strong>ι</strong></span> <span class='ocrx_word' id='word_1_220' title='bbox 866 1578 916 1635; x_wconf 90' lang='lat' dir='ltr'><strong>his</strong></span> <span class='ocrx_word' id='word_1_221' title='bbox 932 1582 1021 1651; x_wconf 91' lang='lat' dir='ltr'><strong>atque</strong></span> <span class='ocrx_word' id='word_1_222' title='bbox 1074 1574 1158 1632; x_wconf 87' lang='lat' dir='ltr'><strong>fierel</strong></span> <span class='ocrx_word' id='word_1_223' title='bbox 1168 1592 1298 1648; x_wconf 88' lang='lat' dir='ltr'><strong>persona</strong></span> <span class='ocrx_word' id='word_1_224' title='bbox 1311 1578 1506 1646; x_wconf 88' lang='lat' dir='ltr'><strong>Christi,cum</strong></span> <span class='ocrx_word' id='word_1_225' title='bbox 1518 1581 1575 1636; x_wconf 88' lang='lat' dir='ltr'><strong>hoc</strong></span> <span class='ocrx_word' id='word_1_226' title='bbox 1586 1581 1679 1639; x_wconf 90' lang='lat' dir='ltr'><strong>semel</strong></span> <span class='ocrx_word' id='word_1_227' title='bbox 1690 1581 1753 1639; x_wconf 87' lang='lat' dir='ltr'><strong>ficri</strong></span> <span class='ocrx_word' id='word_1_228' title='bbox 1765 1590 1904 1656; x_wconf 89' lang='lat' dir='ltr'><strong>oportue·</strong></span> 
     </span>
     <span class='ocr_line' id='line_1_18' title="bbox 196 1665 1906 1747; baseline 0.002 -20"><span class='ocrx_word' id='word_1_229' title='bbox 196 1669 371 1742; x_wconf 89' lang='lat' dir='ltr'><strong>hujusmodi</strong></span> <span class='ocrx_word' id='word_1_230' title='bbox 382 1668 473 1725; x_wconf 91' lang='lat' dir='ltr'><strong>rebus</strong></span> <span class='ocrx_word' id='word_1_231' title='bbox 484 1667 642 1724; x_wconf 89' lang='lat' dir='ltr'><strong>insinuans</strong></span> <span class='ocrx_word' id='word_1_232' title='bbox 653 1666 958 1737; x_wconf 88' lang='lat' dir='ltr'><strong>magnadaminimis,</strong></span> <span class='ocrx_word' id='word_1_233' title='bbox 969 1666 1021 1739; x_wconf 91' lang='lat' dir='ltr'><strong>qui</strong></span> <span class='ocrx_word' id='word_1_234' title='bbox 1074 1665 1125 1736; x_wconf 73' lang='lat' dir='ltr'><strong>rit,</strong></span> <span class='ocrx_word' id='word_1_235' title='bbox 1136 1665 1223 1739; x_wconf 88' lang='lat' dir='ltr'><strong>quasi</strong></span> <span class='ocrx_word' id='word_1_236' title='bbox 1235 1667 1380 1723; x_wconf 88' lang='lat' dir='ltr'><strong>rationem</strong></span> <span class='ocrx_word' id='word_1_237' title='bbox 1392 1667 1448 1739; x_wconf 91' lang='lat' dir='ltr'><strong>ipsi</strong></span> <span class='ocrx_word' id='word_1_238' title='bbox 1459 1668 1586 1725; x_wconf 89' lang='lat' dir='ltr'><strong>reddant</strong></span> <span class='ocrx_word' id='word_1_239' title='bbox 1598 1669 1636 1725; x_wconf 93' lang='lat' dir='ltr'><strong>de</strong></span> <span class='ocrx_word' id='word_1_240' title='bbox 1648 1686 1679 1726; x_wconf 92' lang='lat' dir='ltr'><strong>re</strong></span> <span class='ocrx_word' id='word_1_241' title='bbox 1691 1686 1758 1743; x_wconf 83' lang='lat' dir='ltr'><strong>qum</strong></span> <span class='ocrx_word' id='word_1_242' title='bbox 1770 1673 1906 1747; x_wconf 89' lang='lat' dir='ltr'><strong>quotidie</strong></span> 
     </span>
     <span class='ocr_line' id='line_1_19' title="bbox 196 1751 1908 1836; baseline 0.002 -20"><span class='ocrx_word' id='word_1_243' title='bbox 196 1764 307 1817; x_wconf 88' lang='lat' dir='ltr'><strong>nonest</strong></span> <span class='ocrx_word' id='word_1_244' title='bbox 320 1757 469 1832; x_wconf 85' lang='lat' dir='ltr'><strong>parvusin</strong></span> <span class='ocrx_word' id='word_1_245' title='bbox 481 1756 591 1829; x_wconf 84' lang='lat' dir='ltr'><strong>parvis.</strong></span> <span class='ocrx_word' id='word_1_246' title='bbox 603 1756 671 1828; x_wconf 86' lang='lat' dir='ltr'><strong>ipsa</strong></span> <span class='ocrx_word' id='word_1_247' title='bbox 682 1757 762 1812; x_wconf 89' lang='lat' dir='ltr'><strong>enim</strong></span> <span class='ocrx_word' id='word_1_248' title='bbox 780 1755 957 1825; x_wconf 81' lang='lat' dir='ltr'><strong>magnitudo</strong></span> <span class='ocrx_word' id='word_1_249' title='bbox 968 1755 1022 1810; x_wconf 87' lang='lat' dir='ltr'><strong>vir·</strong></span> <span class='ocrx_word' id='word_1_250' title='bbox 1074 1751 1117 1819; x_wconf 89' lang='lat' dir='ltr'><strong>fil,</strong></span> <span class='ocrx_word' id='word_1_251' title='bbox 1132 1754 1287 1827; x_wconf 92' lang='lat' dir='ltr'><strong>quomodo</strong></span> <span class='ocrx_word' id='word_1_252' title='bbox 1302 1756 1462 1813; x_wconf 89' lang='lat' dir='ltr'><strong>misceatur</strong></span> <span class='ocrx_word' id='word_1_253' title='bbox 1473 1758 1576 1816; x_wconf 88' lang='lat' dir='ltr'><strong>anima</strong></span> <span class='ocrx_word' id='word_1_254' title='bbox 1586 1762 1714 1831; x_wconf 91' lang='lat' dir='ltr'><strong>corpori,</strong></span> <span class='ocrx_word' id='word_1_255' title='bbox 1723 1767 1754 1817; x_wconf 93' lang='lat' dir='ltr'><strong>ut</strong></span> <span class='ocrx_word' id='word_1_256' title='bbox 1766 1777 1827 1819; x_wconf 87' lang='lat' dir='ltr'><strong>una</strong></span> <span class='ocrx_word' id='word_1_257' title='bbox 1839 1778 1908 1836; x_wconf 90' lang='lat' dir='ltr'><strong>per-</strong></span> 
     </span>
     <span class='ocr_line' id='line_1_20' title="bbox 195 1842 1906 1922; baseline 0.002 -17"><span class='ocrx_word' id='word_1_258' title='bbox 195 1847 267 1906; x_wconf 89' lang='lat' dir='ltr'><strong>tutis</strong></span> <span class='ocrx_word' id='word_1_259' title='bbox 277 1847 352 1919; x_wconf 89' lang='lat' dir='ltr'><strong>ejus,</strong></span> <span class='ocrx_word' id='word_1_260' title='bbox 374 1862 442 1919; x_wconf 80' lang='lat' dir='ltr'><strong>quse</strong></span> <span class='ocrx_word' id='word_1_261' title='bbox 455 1845 552 1902; x_wconf 91' lang='lat' dir='ltr'><strong>nullas</strong></span> <span class='ocrx_word' id='word_1_262' title='bbox 566 1844 596 1899; x_wconf 94' lang='lat' dir='ltr'><strong>in</strong></span> <span class='ocrx_word' id='word_1_263' title='bbox 609 1849 738 1916; x_wconf 91' lang='lat' dir='ltr'><strong>angusto</strong></span> <span class='ocrx_word' id='word_1_264' title='bbox 753 1845 841 1901; x_wconf 88' lang='lat' dir='ltr'><strong>sentit</strong></span> <span class='ocrx_word' id='word_1_265' title='bbox 855 1843 1022 1915; x_wconf 88' lang='lat' dir='ltr'><strong>angustias,</strong></span> <span class='ocrx_word' id='word_1_266' title='bbox 1075 1857 1151 1900; x_wconf 89' lang='lat' dir='ltr'><strong>sona</strong></span> <span class='ocrx_word' id='word_1_267' title='bbox 1169 1842 1220 1899; x_wconf 86' lang='lat' dir='ltr'><strong>fiet</strong></span> <span class='ocrx_word' id='word_1_268' title='bbox 1239 1844 1380 1905; x_wconf 82' lang='lat' dir='ltr'><strong>hominis.</strong></span> <span class='ocrx_word' id='word_1_269' title='bbox 1394 1848 1469 1903; x_wconf 87' lang='lat' dir='ltr'><strong>llam</strong></span> <span class='ocrx_word' id='word_1_270' title='bbox 1490 1847 1566 1904; x_wconf 90' lang='lat' dir='ltr'><strong>sicut</strong></span> <span class='ocrx_word' id='word_1_271' title='bbox 1585 1847 1615 1904; x_wconf 94' lang='lat' dir='ltr'><strong>in</strong></span> <span class='ocrx_word' id='word_1_272' title='bbox 1636 1849 1748 1906; x_wconf 89' lang='lat' dir='ltr'><strong>unitate</strong></span> <span class='ocrx_word' id='word_1_273' title='bbox 1767 1865 1906 1922; x_wconf 75' lang='lat' dir='ltr'><strong>person·</strong></span> 
     </span>
     <span class='ocr_line' id='line_1_21' title="bbox 197 1932 1907 2009; baseline 0.004 -16"><span class='ocrx_word' id='word_1_274' title='bbox 197 1940 315 1993; x_wconf 89' lang='lat' dir='ltr'><strong>uterum</strong></span> <span class='ocrx_word' id='word_1_275' title='bbox 342 1933 517 2008; x_wconf 86' lang='lat' dir='ltr'><strong>virginalem</strong></span> <span class='ocrx_word' id='word_1_276' title='bbox 538 1948 600 1990; x_wconf 96' lang='lat' dir='ltr'><strong>non</strong></span> <span class='ocrx_word' id='word_1_277' title='bbox 625 1933 797 2001; x_wconf 84' lang='lat' dir='ltr'><strong>adventitio,</strong></span> <span class='ocrx_word' id='word_1_278' title='bbox 813 1933 865 1989; x_wconf 88' lang='lat' dir='ltr'><strong>sed</strong></span> <span class='ocrx_word' id='word_1_279' title='bbox 881 1933 1023 2005; x_wconf 88' lang='lat' dir='ltr'><strong>indigena</strong></span> <span class='ocrx_word' id='word_1_280' title='bbox 1076 1932 1178 1988; x_wconf 88' lang='lat' dir='ltr'><strong>anima</strong></span> <span class='ocrx_word' id='word_1_281' title='bbox 1194 1933 1293 1989; x_wconf 91' lang='lat' dir='ltr'><strong>unitur</strong></span> <span class='ocrx_word' id='word_1_282' title='bbox 1306 1934 1434 2006; x_wconf 90' lang='lat' dir='ltr'><strong>corpori,</strong></span> <span class='ocrx_word' id='word_1_283' title='bbox 1453 1940 1485 1991; x_wconf 90' lang='grc' dir='ltr'><strong>ιιι</strong></span> <span class='ocrx_word' id='word_1_284' title='bbox 1497 1935 1590 1993; x_wconf 92' lang='lat' dir='ltr'><strong>homo</strong></span> <span class='ocrx_word' id='word_1_285' title='bbox 1612 1938 1648 1993; x_wconf 91' lang='lat' dir='ltr'><strong>sit</strong></span> <span class='ocrx_word' id='word_1_286' title='bbox 1659 1956 1667 2009; x_wconf 89' lang='lat'>;</span> <span class='ocrx_word' id='word_1_287' title='bbox 1683 1939 1723 1995; x_wconf 89' lang='lat' dir='ltr'><strong>ita</strong></span> <span class='ocrx_word' id='word_1_288' title='bbox 1743 1939 1773 1995; x_wconf 90' lang='lat' dir='ltr'><strong>in</strong></span> <span class='ocrx_word' id='word_1_289' title='bbox 1792 1942 1907 1999; x_wconf 89' lang='lat' dir='ltr'><strong>unitate</strong></span> 
     </span>
     <span class='ocr_line' id='line_1_22' title="bbox 195 2022 1908 2099; baseline 0.005 -21"><span class='ocrx_word' id='word_1_290' title='bbox 195 2022 824 2099; x_wconf 83' lang='lat' dir='ltr'><strong>puerperioiecundsrit:ipsasibianimam</strong></span> <span class='ocrx_word' id='word_1_291' title='bbox 833 2022 1020 2090; x_wconf 78' lang='lat' dir='ltr'><strong>rationalem,</strong></span> <span class='ocrx_word' id='word_1_292' title='bbox 1075 2035 1211 2093; x_wconf 84' lang='lat' dir='ltr'><strong>personoe</strong></span> <span class='ocrx_word' id='word_1_293' title='bbox 1220 2023 1297 2078; x_wconf 87' lang='lat' dir='ltr'><strong>Deus</strong></span> <span class='ocrx_word' id='word_1_294' title='bbox 1308 2023 1409 2079; x_wconf 87' lang='lat' dir='ltr'><strong>unitur</strong></span> <span class='ocrx_word' id='word_1_295' title='bbox 1422 2023 1550 2091; x_wconf 90' lang='lat' dir='ltr'><strong>homini,</strong></span> <span class='ocrx_word' id='word_1_296' title='bbox 1562 2030 1594 2081; x_wconf 89' lang='lat' dir='ltr'><strong>ut</strong></span> <span class='ocrx_word' id='word_1_297' title='bbox 1604 2024 1738 2083; x_wconf 87' lang='lat' dir='ltr'><strong>Christus</strong></span> <span class='ocrx_word' id='word_1_298' title='bbox 1751 2028 1838 2086; x_wconf 78' lang='lat' dir='ltr'><strong>sitin</strong></span> <span class='ocrx_word' id='word_1_299' title='bbox 1855 2030 1908 2087; x_wconf 89' lang='lat' dir='ltr'><strong>illa</strong></span> 
     </span>
     <span class='ocr_line' id='line_1_23' title="bbox 196 2110 1907 2189; baseline 0.003 -18"><span class='ocrx_word' id='word_1_300' title='bbox 196 2119 225 2172; x_wconf 90' lang='lat' dir='ltr'><strong>et</strong></span> <span class='ocrx_word' id='word_1_301' title='bbox 241 2129 294 2189; x_wconf 92' lang='lat' dir='ltr'><strong>per</strong></span> <span class='ocrx_word' id='word_1_302' title='bbox 304 2113 412 2170; x_wconf 91' lang='lat' dir='ltr'><strong>eadem</strong></span> <span class='ocrx_word' id='word_1_303' title='bbox 424 2113 514 2170; x_wconf 92' lang='lat' dir='ltr'><strong>etiam</strong></span> <span class='ocrx_word' id='word_1_304' title='bbox 533 2126 643 2183; x_wconf 87' lang='lat' dir='ltr'><strong>corpus</strong></span> <span class='ocrx_word' id='word_1_305' title='bbox 662 2110 842 2177; x_wconf 88' lang='lat' dir='ltr'><strong>humanum,</strong></span> <span class='ocrx_word' id='word_1_306' title='bbox 867 2114 1022 2184; x_wconf 92' lang='lat' dir='ltr'><strong>totumque</strong></span> <span class='ocrx_word' id='word_1_307' title='bbox 1075 2124 1147 2181; x_wconf 86' lang='lat' dir='ltr'><strong>ergo</strong></span> <span class='ocrx_word' id='word_1_308' title='bbox 1160 2111 1907 2188; x_wconf 74' lang='lat' dir='ltr'><strong>personamixluraestanimoeetcorporis3inhac</strong></span> 
     </span>
     <span class='ocr_line' id='line_1_24' title="bbox 195 2198 1908 2272; baseline 0.003 -12"><span class='ocrx_word' id='word_1_309' title='bbox 195 2200 631 2262; x_wconf 89' lang='lat' dir='ltr'><strong>omninobomineminmelius</strong></span> <span class='ocrx_word' id='word_1_310' title='bbox 640 2200 920 2266; x_wconf 89' lang='lat' dir='ltr'><strong>mutandum,nullo</strong></span> <span class='ocrx_word' id='word_1_311' title='bbox 931 2201 1022 2258; x_wconf 91' lang='lat' dir='ltr'><strong>modo</strong></span> <span class='ocrx_word' id='word_1_312' title='bbox 1074 2214 1205 2272; x_wconf 89' lang='lat' dir='ltr'><strong>persona</strong></span> <span class='ocrx_word' id='word_1_313' title='bbox 1221 2198 1350 2257; x_wconf 83' lang='lat' dir='ltr'><strong>mixtura</strong></span> <span class='ocrx_word' id='word_1_314' title='bbox 1362 2206 1408 2257; x_wconf 92' lang='lat' dir='ltr'><strong>est</strong></span> <span class='ocrx_word' id='word_1_315' title='bbox 1417 2201 1468 2259; x_wconf 87' lang='lat' dir='ltr'><strong>Dei</strong></span> <span class='ocrx_word' id='word_1_316' title='bbox 1479 2208 1507 2259; x_wconf 91' lang='lat' dir='ltr'><strong>et</strong></span> <span class='ocrx_word' id='word_1_317' title='bbox 1519 2203 1663 2261; x_wconf 89' lang='lat' dir='ltr'><strong>hominis:</strong></span> <span class='ocrx_word' id='word_1_318' title='bbox 1676 2204 1701 2260; x_wconf 89' lang='lat' dir='ltr'><strong>si</strong></span> <span class='ocrx_word' id='word_1_319' title='bbox 1714 2212 1815 2263; x_wconf 90' lang='lat' dir='ltr'><strong>tamen</strong></span> <span class='ocrx_word' id='word_1_320' title='bbox 1826 2223 1908 2264; x_wconf 90' lang='lat' dir='ltr'><strong>rece-</strong></span> 
     </span>
     <span class='ocr_line' id='line_1_25' title="bbox 194 2287 1908 2368; baseline 0.004 -19"><span class='ocrx_word' id='word_1_321' title='bbox 194 2291 227 2349; x_wconf 91' lang='lat' dir='ltr'><strong>in</strong></span> <span class='ocrx_word' id='word_1_322' title='bbox 241 2290 373 2349; x_wconf 86' lang='lat' dir='ltr'><strong>deterius</strong></span> <span class='ocrx_word' id='word_1_323' title='bbox 389 2295 505 2347; x_wconf 85' lang='lat' dir='ltr'><strong>mutata</strong></span> <span class='ocrx_word' id='word_1_324' title='bbox 519 2289 670 2361; x_wconf 84' lang='lat' dir='ltr'><strong>coaptavit</strong></span> <span class='ocrx_word' id='word_1_325' title='bbox 687 2303 816 2356; x_wconf 91' lang='lat' dir='ltr'><strong>;nomen</strong></span> <span class='ocrx_word' id='word_1_326' title='bbox 827 2289 1022 2347; x_wconf 88' lang='lat' dir='ltr'><strong>humanitatis</strong></span> <span class='ocrx_word' id='word_1_327' title='bbox 1074 2287 1128 2345; x_wconf 91' lang='lat' dir='ltr'><strong>dal</strong></span> <span class='ocrx_word' id='word_1_328' title='bbox 1143 2288 1260 2345; x_wconf 86' lang='lat' dir='ltr'><strong>auditor</strong></span> <span class='ocrx_word' id='word_1_329' title='bbox 1275 2305 1292 2346; x_wconf 90' lang='lat' dir='ltr'><strong>a</strong></span> <span class='ocrx_word' id='word_1_330' title='bbox 1308 2290 1524 2348; x_wconf 92' lang='lat' dir='ltr'><strong>consuetudine</strong></span> <span class='ocrx_word' id='word_1_331' title='bbox 1539 2308 1710 2366; x_wconf 89' lang='lat' dir='ltr'><strong>corporum,</strong></span> <span class='ocrx_word' id='word_1_332' title='bbox 1726 2310 1788 2368; x_wconf 92' lang='lat' dir='ltr'><strong>qua</strong></span> <span class='ocrx_word' id='word_1_333' title='bbox 1807 2296 1908 2355; x_wconf 90' lang='lat' dir='ltr'><strong>soient</strong></span> 
     </span>
     <span class='ocr_line' id='line_1_26' title="bbox 194 2376 1908 2451; baseline 0.003 -13"><span class='ocrx_word' id='word_1_334' title='bbox 194 2379 234 2438; x_wconf 89' lang='lat' dir='ltr'><strong>ab</strong></span> <span class='ocrx_word' id='word_1_335' title='bbox 246 2396 281 2439; x_wconf 88' lang='grc' dir='ltr'><strong>ιο</strong></span> <span class='ocrx_word' id='word_1_336' title='bbox 294 2380 455 2450; x_wconf 81' lang='lat' dir='ltr'><strong>dignanter</strong></span> <span class='ocrx_word' id='word_1_337' title='bbox 464 2392 635 2443; x_wconf 90' lang='lat' dir='ltr'><strong>assumens,</strong></span> <span class='ocrx_word' id='word_1_338' title='bbox 643 2376 964 2450; x_wconf 83' lang='lat' dir='ltr'><strong>divinitatiseilargiter</strong></span> <span class='ocrx_word' id='word_1_339' title='bbox 975 2378 1022 2434; x_wconf 93' lang='lat' dir='ltr'><strong>tri·</strong></span> <span class='ocrx_word' id='word_1_340' title='bbox 1075 2378 1135 2434; x_wconf 93' lang='lat' dir='ltr'><strong>duo</strong></span> <span class='ocrx_word' id='word_1_341' title='bbox 1150 2377 1280 2450; x_wconf 90' lang='lat' dir='ltr'><strong>liquores</strong></span> <span class='ocrx_word' id='word_1_342' title='bbox 1295 2378 1337 2436; x_wconf 91' lang='lat' dir='ltr'><strong>ita</strong></span> <span class='ocrx_word' id='word_1_343' title='bbox 1351 2381 1547 2451; x_wconf 87' lang='lat' dir='ltr'><strong>commisceri,</strong></span> <span class='ocrx_word' id='word_1_344' title='bbox 1562 2388 1593 2438; x_wconf 90' lang='lat' dir='ltr'><strong>ut</strong></span> <span class='ocrx_word' id='word_1_345' title='bbox 1606 2389 1711 2439; x_wconf 89' lang='lat' dir='ltr'><strong>neuter</strong></span> <span class='ocrx_word' id='word_1_346' title='bbox 1723 2391 1818 2442; x_wconf 85' lang='lat' dir='ltr'><strong>servet</strong></span> <span class='ocrx_word' id='word_1_347' title='bbox 1832 2386 1908 2444; x_wconf 91' lang='lat' dir='ltr'><strong>inte·</strong></span> 
     </span>
     <span class='ocr_line' id='line_1_27' title="bbox 194 2466 1908 2546; baseline 0.004 -19"><span class='ocrx_word' id='word_1_348' title='bbox 194 2468 303 2527; x_wconf 91' lang='lat' dir='ltr'><strong>buens.</strong></span> <span class='ocrx_word' id='word_1_349' title='bbox 320 2468 389 2541; x_wconf 82' lang='lat' dir='ltr'><strong>lpse</strong></span> <span class='ocrx_word' id='word_1_350' title='bbox 408 2468 501 2524; x_wconf 81' lang='lat' dir='ltr'><strong>virtus</strong></span> <span class='ocrx_word' id='word_1_351' title='bbox 516 2482 569 2539; x_wconf 90' lang='lat' dir='ltr'><strong>per</strong></span> <span class='ocrx_word' id='word_1_352' title='bbox 587 2466 737 2523; x_wconf 72' lang='lat' dir='ltr'><strong>inviolatas</strong></span> <span class='ocrx_word' id='word_1_353' title='bbox 764 2466 868 2523; x_wconf 87' lang='lat' dir='ltr'><strong>matrsi</strong></span> <span class='ocrx_word' id='word_1_354' title='bbox 889 2467 1022 2538; x_wconf 82' lang='lat' dir='ltr'><strong>virginea</strong></span> <span class='ocrx_word' id='word_1_355' title='bbox 1075 2468 1214 2538; x_wconf 87' lang='lat' dir='ltr'><strong>grilalem</strong></span> <span class='ocrx_word' id='word_1_356' title='bbox 1231 2482 1337 2535; x_wconf 89' lang='lat' dir='ltr'><strong>suam;</strong></span> <span class='ocrx_word' id='word_1_357' title='bbox 1354 2484 1529 2541; x_wconf 89' lang='lat' dir='ltr'><strong>quanquam</strong></span> <span class='ocrx_word' id='word_1_358' title='bbox 1545 2472 1618 2527; x_wconf 91' lang='lat' dir='ltr'><strong>etin</strong></span> <span class='ocrx_word' id='word_1_359' title='bbox 1632 2471 1707 2544; x_wconf 88' lang='lat' dir='ltr'><strong>ipsis</strong></span> <span class='ocrx_word' id='word_1_360' title='bbox 1726 2475 1908 2546; x_wconf 83' lang='lat' dir='ltr'><strong>corporibus</strong></span> 
     </span>
     <span class='ocr_line' id='line_1_28' title="bbox 194 2554 1907 2633; baseline 0.004 -18"><span class='ocrx_word' id='word_1_361' title='bbox 194 2558 321 2626; x_wconf 78' lang='lat' dir='ltr'><strong>viscera,</strong></span> <span class='ocrx_word' id='word_1_362' title='bbox 346 2554 480 2612; x_wconf 86' lang='lat' dir='ltr'><strong>membra</strong></span> <span class='ocrx_word' id='word_1_363' title='bbox 495 2554 617 2613; x_wconf 85' lang='lat' dir='ltr'><strong>inlantis</strong></span> <span class='ocrx_word' id='word_1_364' title='bbox 636 2554 747 2622; x_wconf 80' lang='lat' dir='ltr'><strong>eduxit,</strong></span> <span class='ocrx_word' id='word_1_365' title='bbox 763 2570 838 2628; x_wconf 79' lang='lat' dir='ltr'><strong>qua,</strong></span> <span class='ocrx_word' id='word_1_366' title='bbox 853 2560 957 2628; x_wconf 88' lang='lat' dir='ltr'><strong>postea</strong></span> <span class='ocrx_word' id='word_1_367' title='bbox 971 2570 1023 2628; x_wconf 87' lang='lat' dir='ltr'><strong>per</strong></span> <span class='ocrx_word' id='word_1_368' title='bbox 1075 2556 1136 2612; x_wconf 91' lang='lat' dir='ltr'><strong>aeri</strong></span> <span class='ocrx_word' id='word_1_369' title='bbox 1151 2556 1203 2612; x_wconf 90' lang='lat' dir='ltr'><strong>lux</strong></span> <span class='ocrx_word' id='word_1_370' title='bbox 1215 2556 1389 2630; x_wconf 91' lang='lat' dir='ltr'><strong>incorrupta</strong></span> <span class='ocrx_word' id='word_1_371' title='bbox 1401 2559 1571 2617; x_wconf 89' lang='lat' dir='ltr'><strong>misceatur.</strong></span> <span class='ocrx_word' id='word_1_372' title='bbox 1580 2562 1655 2631; x_wconf 82' lang='lat' dir='ltr'><strong>Ergo</strong></span> <span class='ocrx_word' id='word_1_373' title='bbox 1668 2576 1798 2633; x_wconf 87' lang='lat' dir='ltr'><strong>persona</strong></span> <span class='ocrx_word' id='word_1_374' title='bbox 1807 2563 1907 2621; x_wconf 91' lang='lat' dir='ltr'><strong>homi·</strong></span> 
     </span>
     <span class='ocr_line' id='line_1_29' title="bbox 194 2642 1905 2721; baseline 0.004 -17"><span class='ocrx_word' id='word_1_375' title='bbox 194 2645 381 2704; x_wconf 86' lang='lat' dir='ltr'><strong>clausaostia</strong></span> <span class='ocrx_word' id='word_1_376' title='bbox 389 2642 1021 2717; x_wconf 61' lang='lat' dir='ltr'><strong>membrajnvenlsintroduxltwocnsxac)</strong></span> <span class='ocrx_word' id='word_1_377' title='bbox 1074 2643 1132 2713; x_wconf 92' lang='lat' dir='ltr'><strong>nis,</strong></span> <span class='ocrx_word' id='word_1_378' title='bbox 1144 2645 1274 2701; x_wconf 84' lang='lat' dir='ltr'><strong>mixtura</strong></span> <span class='ocrx_word' id='word_1_379' title='bbox 1287 2651 1331 2702; x_wconf 90' lang='lat' dir='ltr'><strong>est</strong></span> <span class='ocrx_word' id='word_1_380' title='bbox 1341 2647 1449 2703; x_wconf 77' lang='lat' dir='ltr'><strong>animae</strong></span> <span class='ocrx_word' id='word_1_381' title='bbox 1461 2651 1490 2703; x_wconf 90' lang='grc' dir='ltr'><strong>ιι</strong></span> <span class='ocrx_word' id='word_1_382' title='bbox 1502 2650 1649 2721; x_wconf 88' lang='lat' dir='ltr'><strong>corporis:</strong></span> <span class='ocrx_word' id='word_1_383' title='bbox 1658 2665 1789 2720; x_wconf 90' lang='lat' dir='ltr'><strong>persona</strong></span> <span class='ocrx_word' id='word_1_384' title='bbox 1801 2660 1905 2710; x_wconf 92' lang='lat' dir='ltr'><strong>autem</strong></span> 
     </span>
     <span class='ocr_line' id='line_1_30' title="bbox 195 2731 1907 2805; baseline 0.005 -14"><span class='ocrx_word' id='word_1_385' title='bbox 195 2732 523 2805; x_wconf 84' lang='lat' dir='ltr'><strong>Hicsiratioquaeritur,</strong></span> <span class='ocrx_word' id='word_1_386' title='bbox 530 2748 591 2789; x_wconf 96' lang='lat' dir='ltr'><strong>non</strong></span> <span class='ocrx_word' id='word_1_387' title='bbox 599 2731 843 2789; x_wconf 75' lang='lat' dir='ltr'><strong>eritmirabilezsi</strong></span> <span class='ocrx_word' id='word_1_388' title='bbox 852 2732 1019 2804; x_wconf 89' lang='lat' dir='ltr'><strong>exemplum</strong></span> <span class='ocrx_word' id='word_1_389' title='bbox 1075 2733 1328 2803; x_wconf 86' lang='lat' dir='ltr'><strong>Christi,mixtura</strong></span> <span class='ocrx_word' id='word_1_390' title='bbox 1340 2739 1386 2791; x_wconf 87' lang='lat' dir='ltr'><strong>est</strong></span> <span class='ocrx_word' id='word_1_391' title='bbox 1400 2736 1449 2792; x_wconf 87' lang='lat' dir='ltr'><strong>Dei</strong></span> <span class='ocrx_word' id='word_1_392' title='bbox 1460 2741 1488 2793; x_wconf 87' lang='lat' dir='ltr'><strong>et</strong></span> <span class='ocrx_word' id='word_1_393' title='bbox 1503 2737 1645 2793; x_wconf 88' lang='lat' dir='ltr'><strong>hominis.</strong></span> <span class='ocrx_word' id='word_1_394' title='bbox 1655 2740 1728 2795; x_wconf 88' lang='lat' dir='ltr'><strong>Cum</strong></span> <span class='ocrx_word' id='word_1_395' title='bbox 1742 2740 1823 2797; x_wconf 91' lang='lat' dir='ltr'><strong>enim</strong></span> <span class='ocrx_word' id='word_1_396' title='bbox 1836 2743 1907 2799; x_wconf 90' lang='lat' dir='ltr'><strong>Ver-</strong></span> 
     </span>
     <span class='ocr_line' id='line_1_31' title="bbox 194 2820 1905 2903; baseline 0.006 -25"><span class='ocrx_word' id='word_1_397' title='bbox 194 2822 337 2897; x_wconf 90' lang='lat' dir='ltr'><strong>posoitur,</strong></span> <span class='ocrx_word' id='word_1_398' title='bbox 353 2822 481 2880; x_wconf 88' lang='lat' dir='ltr'><strong>nouerit</strong></span> <span class='ocrx_word' id='word_1_399' title='bbox 496 2820 658 2892; x_wconf 89' lang='lat' dir='ltr'><strong>singulare.</strong></span> <span class='ocrx_word' id='word_1_400' title='bbox 678 2821 890 2877; x_wconf 81' lang='lat' dir='ltr'><strong>bemnslieum</strong></span> <span class='ocrx_word' id='word_1_401' title='bbox 908 2820 1021 2894; x_wconf 89' lang='lat' dir='ltr'><strong>aliquid</strong></span> <span class='ocrx_word' id='word_1_402' title='bbox 1074 2821 1148 2879; x_wconf 91' lang='lat' dir='ltr'><strong>bum</strong></span> <span class='ocrx_word' id='word_1_403' title='bbox 1170 2822 1221 2878; x_wconf 86' lang='grc' dir='ltr'>[ιιι</span> <span class='ocrx_word' id='word_1_404' title='bbox 1245 2823 1425 2894; x_wconf 91' lang='lat' dir='ltr'><strong>permixtum</strong></span> <span class='ocrx_word' id='word_1_405' title='bbox 1448 2830 1492 2881; x_wconf 91' lang='lat' dir='ltr'><strong>est</strong></span> <span class='ocrx_word' id='word_1_406' title='bbox 1514 2825 1623 2883; x_wconf 79' lang='lat' dir='ltr'><strong>animae</strong></span> <span class='ocrx_word' id='word_1_407' title='bbox 1637 2827 1760 2885; x_wconf 90' lang='lat' dir='ltr'><strong>habenti</strong></span> <span class='ocrx_word' id='word_1_408' title='bbox 1781 2845 1905 2903; x_wconf 91' lang='lat' dir='ltr'><strong>corpus,</strong></span> 
     </span>
     <span class='ocr_line' id='line_1_32' title="bbox 193 2908 1907 2990; baseline 0.004 -21"><span class='ocrx_word' id='word_1_409' title='bbox 193 2927 295 2987; x_wconf 88' lang='lat' dir='ltr'><strong>posse,</strong></span> <span class='ocrx_word' id='word_1_410' title='bbox 315 2911 398 2986; x_wconf 93' lang='lat' dir='ltr'><strong>quod</strong></span> <span class='ocrx_word' id='word_1_411' title='bbox 414 2926 469 2967; x_wconf 87' lang='lat' dir='ltr'><strong>nos</strong></span> <span class='ocrx_word' id='word_1_412' title='bbox 482 2908 630 2969; x_wconf 74' lang='lat' dir='ltr'><strong>fateamur</strong></span> <span class='ocrx_word' id='word_1_413' title='bbox 641 2909 819 2979; x_wconf 85' lang='lat' dir='ltr'><strong>investigare</strong></span> <span class='ocrx_word' id='word_1_414' title='bbox 843 2925 903 2966; x_wconf 94' lang='lat' dir='ltr'><strong>non</strong></span> <span class='ocrx_word' id='word_1_415' title='bbox 922 2926 1019 2983; x_wconf 88' lang='lat' dir='ltr'><strong>posse.</strong></span> <span class='ocrx_word' id='word_1_416' title='bbox 1074 2909 1205 2967; x_wconf 89' lang='lat' dir='ltr'><strong>simulet</strong></span> <span class='ocrx_word' id='word_1_417' title='bbox 1219 2912 1354 2969; x_wconf 90' lang='lat' dir='ltr'><strong>animam</strong></span> <span class='ocrx_word' id='word_1_418' title='bbox 1367 2915 1497 2985; x_wconf 90' lang='lat' dir='ltr'><strong>suscepit</strong></span> <span class='ocrx_word' id='word_1_419' title='bbox 1510 2919 1538 2972; x_wconf 89' lang='lat' dir='ltr'><strong>et</strong></span> <span class='ocrx_word' id='word_1_420' title='bbox 1550 2930 1669 2987; x_wconf 90' lang='lat' dir='ltr'><strong>corpus.</strong></span> <span class='ocrx_word' id='word_1_421' title='bbox 1681 2915 1755 2973; x_wconf 90' lang='lat' dir='ltr'><strong>illud</strong></span> <span class='ocrx_word' id='word_1_422' title='bbox 1767 2920 1907 2990; x_wconf 90' lang='lat' dir='ltr'><strong>quotidie</strong></span> 
     </span>
    </p>
   </div>
   <div class='ocr_carea' id='block_1_5' title="bbox 188 2998 1020 5479">
    <p class='ocr_par' dir='ltr' id='par_1_5' title="bbox 194 2998 1019 3072">
     <span class='ocr_line' id='line_1_33' title="bbox 194 2998 1019 3072; baseline -0.002 -13"><span class='ocrx_word' id='word_1_423' title='bbox 194 2999 441 3059; x_wconf 86' lang='lat' dir='ltr'><strong>intelibusrebus</strong></span> <span class='ocrx_word' id='word_1_424' title='bbox 451 3000 592 3056; x_wconf 81' lang='lat' dir='ltr'><strong>toleratio</strong></span> <span class='ocrx_word' id='word_1_425' title='bbox 602 2998 722 3056; x_wconf 90' lang='lat' dir='ltr'><strong>iactiesl</strong></span> <span class='ocrx_word' id='word_1_426' title='bbox 733 2999 866 3072; x_wconf 90' lang='lat' dir='ltr'><strong>potentia</strong></span> <span class='ocrx_word' id='word_1_427' title='bbox 876 2999 1019 3058; x_wconf 77' lang='lat' dir='ltr'><strong>facientis.</strong></span> 
     </span>
    </p>

    <p class='ocr_par' dir='ltr' id='par_1_6' title="bbox 189 3088 1020 5123">
     <span class='ocr_line' id='line_1_34' title="bbox 230 3088 1019 3162; baseline -0.003 -13"><span class='ocrx_word' id='word_1_428' title='bbox 230 3089 344 3149; x_wconf 76' lang='lat' dir='ltr'>CAPUT</span> <span class='ocrx_word' id='word_1_429' title='bbox 358 3089 404 3146; x_wconf 93' lang='lat' dir='ltr'><strong>lll.</strong></span> <span class='ocrx_word' id='word_1_430' title='bbox 422 3121 455 3130; x_wconf 99' lang='lat'>-</span> <span class='ocrx_word' id='word_1_431' title='bbox 466 3092 492 3146; x_wconf 84' lang='grc' dir='ltr'><strong>ιι.</strong></span> <span class='ocrx_word' id='word_1_432' title='bbox 509 3091 574 3147; x_wconf 85' lang='lat' dir='ltr'><strong>lam</strong></span> <span class='ocrx_word' id='word_1_433' title='bbox 587 3088 671 3156; x_wconf 93' lang='lat' dir='ltr'><strong>iilud,</strong></span> <span class='ocrx_word' id='word_1_434' title='bbox 684 3088 768 3162; x_wconf 92' lang='lat' dir='ltr'><strong>quod</strong></span> <span class='ocrx_word' id='word_1_435' title='bbox 783 3088 812 3145; x_wconf 94' lang='lat' dir='ltr'><strong>in</strong></span> <span class='ocrx_word' id='word_1_436' title='bbox 826 3104 948 3146; x_wconf 91' lang='lat' dir='ltr'><strong>somnos</strong></span> <span class='ocrx_word' id='word_1_437' title='bbox 960 3090 1019 3148; x_wconf 92' lang='lat' dir='ltr'><strong>soi·</strong></span> 
     </span>
     <span class='ocr_line' id='line_1_35' title="bbox 193 3176 1020 3245; baseline 0 -8"><span class='ocrx_word' id='word_1_438' title='bbox 193 3181 281 3238; x_wconf 81' lang='lat' dir='ltr'><strong>vitus.</strong></span> <span class='ocrx_word' id='word_1_439' title='bbox 291 3184 320 3237; x_wconf 92' lang='lat' dir='ltr'><strong>et</strong></span> <span class='ocrx_word' id='word_1_440' title='bbox 332 3179 400 3236; x_wconf 91' lang='lat' dir='ltr'><strong>cibo</strong></span> <span class='ocrx_word' id='word_1_441' title='bbox 413 3178 660 3245; x_wconf 87' lang='lat' dir='ltr'><strong>alitur,etomnes</strong></span> <span class='ocrx_word' id='word_1_442' title='bbox 670 3176 823 3234; x_wconf 90' lang='lat' dir='ltr'><strong>humanos</strong></span> <span class='ocrx_word' id='word_1_443' title='bbox 834 3179 922 3236; x_wconf 90' lang='lat' dir='ltr'><strong>sentit</strong></span> <span class='ocrx_word' id='word_1_444' title='bbox 933 3179 1020 3236; x_wconf 85' lang='lat' dir='ltr'><strong>affec·</strong></span> 
     </span>
     <span class='ocr_line' id='line_1_36' title="bbox 194 3265 1019 3341; baseline -0.001 -14"><span class='ocrx_word' id='word_1_445' title='bbox 194 3274 254 3337; x_wconf 91' lang='lat' dir='ltr'><strong>tus,</strong></span> <span class='ocrx_word' id='word_1_446' title='bbox 277 3268 431 3326; x_wconf 89' lang='lat' dir='ltr'><strong>hominem</strong></span> <span class='ocrx_word' id='word_1_447' title='bbox 457 3266 619 3341; x_wconf 87' lang='lat' dir='ltr'><strong>persuadet</strong></span> <span class='ocrx_word' id='word_1_448' title='bbox 639 3265 823 3333; x_wconf 90' lang='lat' dir='ltr'><strong>hominibus,</strong></span> <span class='ocrx_word' id='word_1_449' title='bbox 846 3282 937 3338; x_wconf 90' lang='lat' dir='ltr'><strong>quem</strong></span> <span class='ocrx_word' id='word_1_450' title='bbox 959 3285 1019 3326; x_wconf 89' lang='lat' dir='ltr'><strong>non</strong></span> 
     </span>
     <span class='ocr_line' id='line_1_37' title="bbox 193 3355 1019 3430; baseline 0 -15"><span class='ocrx_word' id='word_1_451' title='bbox 193 3357 385 3430; x_wconf 87' lang='lat' dir='ltr'><strong>consumpsit</strong></span> <span class='ocrx_word' id='word_1_452' title='bbox 409 3355 522 3428; x_wconf 89' lang='lat' dir='ltr'><strong>utique,</strong></span> <span class='ocrx_word' id='word_1_453' title='bbox 546 3355 599 3411; x_wconf 89' lang='lat' dir='ltr'><strong>sed</strong></span> <span class='ocrx_word' id='word_1_454' title='bbox 623 3355 796 3427; x_wconf 82' lang='lat' dir='ltr'><strong>assumpsit.</strong></span> <span class='ocrx_word' id='word_1_455' title='bbox 815 3358 887 3412; x_wconf 81' lang='lat' dir='ltr'><strong>llcce</strong></span> <span class='ocrx_word' id='word_1_456' title='bbox 902 3358 943 3413; x_wconf 88' lang='lat' dir='ltr'><strong>sic</strong></span> <span class='ocrx_word' id='word_1_457' title='bbox 960 3357 1019 3416; x_wconf 83' lang='lat' dir='ltr'><strong>iac·</strong></span> 
     </span>
     <span class='ocr_line' id='line_1_38' title="bbox 194 3442 1020 3518; baseline -0.002 -13"><span class='ocrx_word' id='word_1_458' title='bbox 194 3451 257 3505; x_wconf 90' lang='lat' dir='ltr'><strong>tum</strong></span> <span class='ocrx_word' id='word_1_459' title='bbox 269 3450 313 3503; x_wconf 90' lang='lat' dir='ltr'><strong>est</strong></span> <span class='ocrx_word' id='word_1_460' title='bbox 330 3463 338 3513; x_wconf 91' lang='grc'>;</span> <span class='ocrx_word' id='word_1_461' title='bbox 357 3450 498 3502; x_wconf 88' lang='lat' dir='ltr'><strong>ettamen</strong></span> <span class='ocrx_word' id='word_1_462' title='bbox 513 3443 638 3517; x_wconf 88' lang='lat' dir='ltr'><strong>quidum</strong></span> <span class='ocrx_word' id='word_1_463' title='bbox 657 3442 799 3511; x_wconf 70' lang='lat' dir='ltr'><strong>heretici,</strong></span> <span class='ocrx_word' id='word_1_464' title='bbox 815 3460 951 3518; x_wconf 88' lang='lat' dir='ltr'><strong>perverse</strong></span> <span class='ocrx_word' id='word_1_465' title='bbox 964 3448 1020 3503; x_wconf 93' lang='lat' dir='ltr'><strong>mi·</strong></span> 
     </span>
     <span class='ocr_line' id='line_1_39' title="bbox 192 3533 1019 3606; baseline 0 -14"><span class='ocrx_word' id='word_1_466' title='bbox 192 3534 289 3592; x_wconf 88' lang='lat' dir='ltr'><strong>rando</strong></span> <span class='ocrx_word' id='word_1_467' title='bbox 297 3533 512 3606; x_wconf 89' lang='lat' dir='ltr'><strong>laudandoque</strong></span> <span class='ocrx_word' id='word_1_468' title='bbox 522 3533 587 3604; x_wconf 86' lang='lat' dir='ltr'><strong>ejus</strong></span> <span class='ocrx_word' id='word_1_469' title='bbox 598 3533 746 3601; x_wconf 82' lang='lat' dir='ltr'><strong>virtutem,</strong></span> <span class='ocrx_word' id='word_1_470' title='bbox 764 3538 902 3590; x_wconf 87' lang='lat' dir='ltr'><strong>naturam</strong></span> <span class='ocrx_word' id='word_1_471' title='bbox 914 3535 1019 3593; x_wconf 92' lang='lat' dir='ltr'><strong>huma·</strong></span> 
     </span>
     <span class='ocr_line' id='line_1_40' title="bbox 192 3621 1020 3696; baseline 0.001 -14"><span class='ocrx_word' id='word_1_472' title='bbox 192 3639 265 3682; x_wconf 92' lang='lat' dir='ltr'><strong>nam</strong></span> <span class='ocrx_word' id='word_1_473' title='bbox 295 3623 326 3680; x_wconf 93' lang='lat' dir='ltr'><strong>in</strong></span> <span class='ocrx_word' id='word_1_474' title='bbox 342 3638 378 3681; x_wconf 91' lang='grc' dir='ltr'><strong>ιο</strong></span> <span class='ocrx_word' id='word_1_475' title='bbox 399 3638 523 3696; x_wconf 88' lang='lat' dir='ltr'><strong>prorsus</strong></span> <span class='ocrx_word' id='word_1_476' title='bbox 543 3636 705 3693; x_wconf 86' lang='lat' dir='ltr'><strong>agnoscere</strong></span> <span class='ocrx_word' id='word_1_477' title='bbox 719 3621 888 3692; x_wconf 90' lang='lat' dir='ltr'><strong>noluerunt,</strong></span> <span class='ocrx_word' id='word_1_478' title='bbox 904 3623 955 3680; x_wconf 90' lang='lat' dir='ltr'><strong>ubi</strong></span> <span class='ocrx_word' id='word_1_479' title='bbox 975 3630 1020 3682; x_wconf 92' lang='lat' dir='ltr'><strong>est</strong></span> 
     </span>
     <span class='ocr_line' id='line_1_41' title="bbox 193 3709 1018 3787; baseline -0.002 -16"><span class='ocrx_word' id='word_1_480' title='bbox 193 3712 294 3771; x_wconf 88' lang='lat' dir='ltr'><strong>omnis</strong></span> <span class='ocrx_word' id='word_1_481' title='bbox 307 3713 409 3787; x_wconf 78' lang='lat' dir='ltr'><strong>gratia</strong></span> <span class='ocrx_word' id='word_1_482' title='bbox 423 3709 658 3775; x_wconf 84' lang='lat' dir='ltr'><strong>commendatio,</strong></span> <span class='ocrx_word' id='word_1_483' title='bbox 681 3726 743 3784; x_wconf 92' lang='lat' dir='ltr'><strong>quo</strong></span> <span class='ocrx_word' id='word_1_484' title='bbox 758 3711 858 3769; x_wconf 86' lang='lat' dir='ltr'><strong>salvos</strong></span> <span class='ocrx_word' id='word_1_485' title='bbox 872 3712 942 3770; x_wconf 86' lang='lat' dir='ltr'><strong>iacit</strong></span> <span class='ocrx_word' id='word_1_486' title='bbox 958 3729 1018 3771; x_wconf 91' lang='lat' dir='ltr'><strong>cre·</strong></span> 
     </span>
     <span class='ocr_line' id='line_1_42' title="bbox 191 3798 1019 3875; baseline -0.002 -13"><span class='ocrx_word' id='word_1_487' title='bbox 191 3802 296 3862; x_wconf 89' lang='lat' dir='ltr'><strong>dentes</strong></span> <span class='ocrx_word' id='word_1_488' title='bbox 317 3803 347 3858; x_wconf 92' lang='lat' dir='ltr'><strong>in</strong></span> <span class='ocrx_word' id='word_1_489' title='bbox 376 3816 418 3868; x_wconf 89' lang='lat' dir='ltr'><strong>se,</strong></span> <span class='ocrx_word' id='word_1_490' title='bbox 442 3798 610 3875; x_wconf 79' lang='lat' dir='ltr'><strong>profundos</strong></span> <span class='ocrx_word' id='word_1_491' title='bbox 635 3800 792 3856; x_wconf 90' lang='lat' dir='ltr'><strong>thesauros</strong></span> <span class='ocrx_word' id='word_1_492' title='bbox 819 3801 972 3873; x_wconf 79' lang='lat' dir='ltr'><strong>sapientiae</strong></span> <span class='ocrx_word' id='word_1_493' title='bbox 990 3806 1019 3860; x_wconf 89' lang='lat' dir='ltr'><strong>et</strong></span> 
     </span>
     <span class='ocr_line' id='line_1_43' title="bbox 191 3887 1018 3966; baseline 0 -17"><span class='ocrx_word' id='word_1_494' title='bbox 191 3891 321 3950; x_wconf 80' lang='lat' dir='ltr'><strong>scientim</strong></span> <span class='ocrx_word' id='word_1_495' title='bbox 337 3890 503 3958; x_wconf 89' lang='lat' dir='ltr'><strong>continens,</strong></span> <span class='ocrx_word' id='word_1_496' title='bbox 521 3893 550 3946; x_wconf 88' lang='lat' dir='ltr'><strong>et</strong></span> <span class='ocrx_word' id='word_1_497' title='bbox 563 3888 624 3945; x_wconf 89' lang='lat' dir='ltr'><strong>flde</strong></span> <span class='ocrx_word' id='word_1_498' title='bbox 641 3892 754 3946; x_wconf 90' lang='lat' dir='ltr'><strong>mentes</strong></span> <span class='ocrx_word' id='word_1_499' title='bbox 767 3887 916 3957; x_wconf 90' lang='lat' dir='ltr'><strong>imbuens,</strong></span> <span class='ocrx_word' id='word_1_500' title='bbox 941 3907 1018 3966; x_wconf 89' lang='lat' dir='ltr'><strong>quas</strong></span> 
     </span>
     <span class='ocr_line' id='line_1_44' title="bbox 192 3979 1019 4051; baseline -0.004 -10"><span class='ocrx_word' id='word_1_501' title='bbox 192 3982 230 4042; x_wconf 86' lang='lat' dir='ltr'><strong>ad</strong></span> <span class='ocrx_word' id='word_1_502' title='bbox 245 3986 389 4039; x_wconf 66' lang='lat' dir='ltr'><strong>{curnam</strong></span> <span class='ocrx_word' id='word_1_503' title='bbox 403 3979 686 4051; x_wconf 87' lang='lat' dir='ltr'><strong>contemplationem</strong></span> <span class='ocrx_word' id='word_1_504' title='bbox 706 3979 836 4036; x_wconf 81' lang='lat' dir='ltr'><strong>veritalis</strong></span> <span class='ocrx_word' id='word_1_505' title='bbox 854 3980 1019 4038; x_wconf 92' lang='lat' dir='ltr'><strong>incommu-</strong></span> 
     </span>
     <span class='ocr_line' id='line_1_45' title="bbox 191 4066 1018 4144; baseline -0.001 -15"><span class='ocrx_word' id='word_1_506' title='bbox 191 4069 452 4144; x_wconf 83' lang='lat' dir='ltr'><strong>tabilisprcrebat·</strong></span> <span class='ocrx_word' id='word_1_507' title='bbox 465 4067 540 4134; x_wconf 85' lang='lat' dir='ltr'><strong>Quid</strong></span> <span class='ocrx_word' id='word_1_508' title='bbox 550 4067 573 4122; x_wconf 93' lang='lat' dir='ltr'><strong>si</strong></span> <span class='ocrx_word' id='word_1_509' title='bbox 585 4066 781 4140; x_wconf 85' lang='lat' dir='ltr'><strong>Omnipotens</strong></span> <span class='ocrx_word' id='word_1_510' title='bbox 790 4068 942 4127; x_wconf 90' lang='lat' dir='ltr'><strong>hominem</strong></span> <span class='ocrx_word' id='word_1_511' title='bbox 954 4071 1018 4129; x_wconf 91' lang='lat' dir='ltr'><strong>ubi·</strong></span> 
     </span>
     <span class='ocr_line' id='line_1_46' title="bbox 192 4156 1016 4232; baseline 0.001 -16"><span class='ocrx_word' id='word_1_512' title='bbox 192 4173 323 4232; x_wconf 91' lang='lat' dir='ltr'><strong>cumque</strong></span> <span class='ocrx_word' id='word_1_513' title='bbox 337 4156 500 4214; x_wconf 80' lang='lat' dir='ltr'><strong>formatum</strong></span> <span class='ocrx_word' id='word_1_514' title='bbox 515 4170 577 4211; x_wconf 95' lang='lat' dir='ltr'><strong>non</strong></span> <span class='ocrx_word' id='word_1_515' title='bbox 590 4171 626 4211; x_wconf 90' lang='lat' dir='ltr'><strong>ex</strong></span> <span class='ocrx_word' id='word_1_516' title='bbox 642 4159 778 4213; x_wconf 90' lang='lat' dir='ltr'><strong>materno</strong></span> <span class='ocrx_word' id='word_1_517' title='bbox 795 4163 878 4214; x_wconf 87' lang='lat' dir='ltr'><strong>utero</strong></span> <span class='ocrx_word' id='word_1_518' title='bbox 893 4166 1016 4231; x_wconf 88' lang='lat' dir='ltr'><strong>crearet,</strong></span> 
     </span>
     <span class='ocr_line' id='line_1_47' title="bbox 192 4242 1017 4320; baseline 0.002 -17"><span class='ocrx_word' id='word_1_519' title='bbox 192 4246 246 4304; x_wconf 84' lang='lat' dir='ltr'><strong>sed</strong></span> <span class='ocrx_word' id='word_1_520' title='bbox 256 4244 446 4320; x_wconf 88' lang='lat' dir='ltr'><strong>repentinum</strong></span> <span class='ocrx_word' id='word_1_521' title='bbox 457 4242 578 4301; x_wconf 84' lang='lat' dir='ltr'><strong>interret</strong></span> <span class='ocrx_word' id='word_1_522' title='bbox 590 4243 761 4317; x_wconf 87' lang='lat' dir='ltr'><strong>aspectibus</strong></span> <span class='ocrx_word' id='word_1_523' title='bbox 773 4244 787 4301; x_wconf 80' lang='lat' dir='ltr'><strong>t</strong></span> <span class='ocrx_word' id='word_1_524' title='bbox 801 4245 874 4317; x_wconf 92' lang='lat' dir='ltr'><strong>quid</strong></span> <span class='ocrx_word' id='word_1_525' title='bbox 887 4246 912 4302; x_wconf 93' lang='lat' dir='ltr'><strong>si</strong></span> <span class='ocrx_word' id='word_1_526' title='bbox 921 4246 1017 4305; x_wconf 84' lang='lat' dir='ltr'><strong>nullas</strong></span> 
     </span>
     <span class='ocr_line' id='line_1_48' title="bbox 192 4335 1018 4410; baseline 0 -15"><span class='ocrx_word' id='word_1_527' title='bbox 192 4352 229 4395; x_wconf 87' lang='lat' dir='ltr'><strong>ex</strong></span> <span class='ocrx_word' id='word_1_528' title='bbox 243 4335 371 4410; x_wconf 82' lang='lat' dir='ltr'><strong>parvulo</strong></span> <span class='ocrx_word' id='word_1_529' title='bbox 382 4335 413 4392; x_wconf 91' lang='lat' dir='ltr'><strong>in</strong></span> <span class='ocrx_word' id='word_1_530' title='bbox 425 4335 582 4407; x_wconf 75' lang='lat' dir='ltr'><strong>iuventam</strong></span> <span class='ocrx_word' id='word_1_531' title='bbox 594 4337 722 4390; x_wconf 88' lang='lat' dir='ltr'><strong>mutaret</strong></span> <span class='ocrx_word' id='word_1_532' title='bbox 736 4340 849 4404; x_wconf 84' lang='lat' dir='ltr'><strong>aetates,</strong></span> <span class='ocrx_word' id='word_1_533' title='bbox 863 4335 963 4393; x_wconf 86' lang='lat' dir='ltr'><strong>nullos</strong></span> <span class='ocrx_word' id='word_1_534' title='bbox 978 4337 1018 4395; x_wconf 90' lang='lat' dir='ltr'><strong>ci·</strong></span> 
     </span>
     <span class='ocr_line' id='line_1_49' title="bbox 190 4421 1017 4497; baseline 0 -13"><span class='ocrx_word' id='word_1_535' title='bbox 190 4425 259 4496; x_wconf 90' lang='lat' dir='ltr'><strong>bos,</strong></span> <span class='ocrx_word' id='word_1_536' title='bbox 270 4424 368 4482; x_wconf 90' lang='lat' dir='ltr'><strong>nullos</strong></span> <span class='ocrx_word' id='word_1_537' title='bbox 374 4421 757 4497; x_wconf 77' lang='lat' dir='ltr'><strong>caperetsomnostltonue</strong></span> <span class='ocrx_word' id='word_1_538' title='bbox 766 4423 1017 4496; x_wconf 91' lang='lat' dir='ltr'><strong>opinionemcon·</strong></span> 
     </span>
     <span class='ocr_line' id='line_1_50' title="bbox 190 4512 1017 4590; baseline -0.001 -16"><span class='ocrx_word' id='word_1_539' title='bbox 190 4515 325 4574; x_wconf 84' lang='lat' dir='ltr'><strong>firmaret</strong></span> <span class='ocrx_word' id='word_1_540' title='bbox 339 4513 457 4584; x_wconf 87' lang='lat' dir='ltr'><strong>erroris,</strong></span> <span class='ocrx_word' id='word_1_541' title='bbox 478 4528 535 4570; x_wconf 90' lang='lat' dir='ltr'><strong>nce</strong></span> <span class='ocrx_word' id='word_1_542' title='bbox 548 4512 702 4569; x_wconf 88' lang='lat' dir='ltr'><strong>hominem</strong></span> <span class='ocrx_word' id='word_1_543' title='bbox 726 4528 830 4570; x_wconf 83' lang='lat' dir='ltr'><strong>verum</strong></span> <span class='ocrx_word' id='word_1_544' title='bbox 850 4515 1017 4590; x_wconf 86' lang='lat' dir='ltr'><strong>suscepisse</strong></span> 
     </span>
     <span class='ocr_line' id='line_1_51' title="bbox 190 4601 1018 4669; baseline 0.002 -8"><span class='ocrx_word' id='word_1_545' title='bbox 190 4603 252 4661; x_wconf 88' lang='lat' dir='ltr'><strong>uilo</strong></span> <span class='ocrx_word' id='word_1_546' title='bbox 272 4603 365 4661; x_wconf 93' lang='lat' dir='ltr'><strong>modo</strong></span> <span class='ocrx_word' id='word_1_547' title='bbox 384 4602 553 4660; x_wconf 87' lang='lat' dir='ltr'><strong>crederetur</strong></span> <span class='ocrx_word' id='word_1_548' title='bbox 569 4623 576 4669; x_wconf 86' lang='lat'><strong>;</strong></span> <span class='ocrx_word' id='word_1_549' title='bbox 595 4605 625 4659; x_wconf 91' lang='lat' dir='ltr'><strong>et</strong></span> <span class='ocrx_word' id='word_1_550' title='bbox 637 4601 712 4658; x_wconf 91' lang='lat' dir='ltr'><strong>dum</strong></span> <span class='ocrx_word' id='word_1_551' title='bbox 724 4604 828 4660; x_wconf 89' lang='lat' dir='ltr'><strong>omnia</strong></span> <span class='ocrx_word' id='word_1_552' title='bbox 842 4603 1018 4663; x_wconf 89' lang='lat' dir='ltr'><strong>mirabiliter</strong></span> 
     </span>
     <span class='ocr_line' id='line_1_52' title="bbox 190 4691 1017 4765; baseline 0.001 -15"><span class='ocrx_word' id='word_1_553' title='bbox 190 4692 271 4759; x_wconf 85' lang='lat' dir='ltr'><strong>iacit,</strong></span> <span class='ocrx_word' id='word_1_554' title='bbox 287 4692 415 4750; x_wconf 76' lang='lat' dir='ltr'><strong>auferret</strong></span> <span class='ocrx_word' id='word_1_555' title='bbox 427 4691 509 4765; x_wconf 93' lang='lat' dir='ltr'><strong>quod</strong></span> <span class='ocrx_word' id='word_1_556' title='bbox 525 4691 753 4749; x_wconf 87' lang='lat' dir='ltr'><strong>misericorditer</strong></span> <span class='ocrx_word' id='word_1_557' title='bbox 765 4691 858 4749; x_wconf 82' lang='lat' dir='ltr'><strong>tecitl</strong></span> <span class='ocrx_word' id='word_1_558' title='bbox 872 4695 956 4750; x_wconf 84' lang='lat' dir='ltr'><strong>Nunc</strong></span> <span class='ocrx_word' id='word_1_559' title='bbox 970 4710 1017 4751; x_wconf 85' lang='lat' dir='ltr'><strong>ue-</strong></span> 
     </span>
     <span class='ocr_line' id='line_1_53' title="bbox 189 4781 1017 4857; baseline 0.002 -17"><span class='ocrx_word' id='word_1_560' title='bbox 189 4797 224 4841; x_wconf 89' lang='lat' dir='ltr'><strong>ro</strong></span> <span class='ocrx_word' id='word_1_561' title='bbox 234 4781 275 4840; x_wconf 89' lang='lat' dir='ltr'><strong>ita</strong></span> <span class='ocrx_word' id='word_1_562' title='bbox 289 4782 365 4838; x_wconf 90' lang='lat' dir='ltr'><strong>inter</strong></span> <span class='ocrx_word' id='word_1_563' title='bbox 375 4781 470 4839; x_wconf 87' lang='lat' dir='ltr'><strong>Deum</strong></span> <span class='ocrx_word' id='word_1_564' title='bbox 481 4785 508 4838; x_wconf 88' lang='lat' dir='ltr'><strong>et</strong></span> <span class='ocrx_word' id='word_1_565' title='bbox 520 4781 659 4838; x_wconf 91' lang='lat' dir='ltr'><strong>homines</strong></span> <span class='ocrx_word' id='word_1_566' title='bbox 668 4782 815 4838; x_wconf 89' lang='lat' dir='ltr'><strong>mediator</strong></span> <span class='ocrx_word' id='word_1_567' title='bbox 824 4783 974 4857; x_wconf 89' lang='lat' dir='ltr'><strong>apparuit,</strong></span> <span class='ocrx_word' id='word_1_568' title='bbox 985 4790 1017 4843; x_wconf 88' lang='lat' dir='ltr'><strong>ut</strong></span> 
     </span>
     <span class='ocr_line' id='line_1_54' title="bbox 189 4869 1015 4945; baseline -0.001 -14"><span class='ocrx_word' id='word_1_569' title='bbox 189 4871 220 4931; x_wconf 88' lang='lat' dir='ltr'><strong>in</strong></span> <span class='ocrx_word' id='word_1_570' title='bbox 234 4873 345 4929; x_wconf 90' lang='lat' dir='ltr'><strong>unitate</strong></span> <span class='ocrx_word' id='word_1_571' title='bbox 359 4886 496 4943; x_wconf 82' lang='lat' dir='ltr'><strong>personae</strong></span> <span class='ocrx_word' id='word_1_572' title='bbox 510 4869 656 4943; x_wconf 87' lang='lat' dir='ltr'><strong>copulans</strong></span> <span class='ocrx_word' id='word_1_573' title='bbox 679 4876 838 4945; x_wconf 88' lang='lat' dir='ltr'><strong>utramque</strong></span> <span class='ocrx_word' id='word_1_574' title='bbox 863 4877 1015 4941; x_wconf 87' lang='lat' dir='ltr'><strong>naturam,</strong></span> 
     </span>
     <span class='ocr_line' id='line_1_55' title="bbox 190 4957 1015 5029; baseline -0.001 -10"><span class='ocrx_word' id='word_1_575' title='bbox 190 4966 219 5020; x_wconf 95' lang='lat' dir='ltr'><strong>et</strong></span> <span class='ocrx_word' id='word_1_576' title='bbox 243 4959 332 5018; x_wconf 90' lang='lat' dir='ltr'><strong>solita</strong></span> <span class='ocrx_word' id='word_1_577' title='bbox 358 4957 535 5017; x_wconf 89' lang='lat' dir='ltr'><strong>sublimaret</strong></span> <span class='ocrx_word' id='word_1_578' title='bbox 559 4957 699 5029; x_wconf 84' lang='lat' dir='ltr'><strong>insolitis,</strong></span> <span class='ocrx_word' id='word_1_579' title='bbox 726 4964 754 5015; x_wconf 88' lang='lat' dir='ltr'><strong>et</strong></span> <span class='ocrx_word' id='word_1_580' title='bbox 778 4959 899 5017; x_wconf 87' lang='lat' dir='ltr'><strong>insolita</strong></span> <span class='ocrx_word' id='word_1_581' title='bbox 923 4961 1015 5018; x_wconf 89' lang='lat' dir='ltr'><strong>solitis</strong></span> 
     </span>
     <span class='ocr_line' id='line_1_56' title="bbox 190 5052 379 5123; baseline -0.032 -13"><span class='ocrx_word' id='word_1_582' title='bbox 190 5052 379 5123; x_wconf 87' lang='lat' dir='ltr'><strong>temperaret.</strong></span> 
     </span>
    </p>

    <p class='ocr_par' dir='ltr' id='par_1_7' title="bbox 188 5134 1015 5479">
     <span class='ocr_line' id='line_1_57' title="bbox 227 5134 1015 5206; baseline 0 -10"><span class='ocrx_word' id='word_1_583' title='bbox 227 5141 268 5197; x_wconf 83' lang='lat'><strong>10.</strong></span> <span class='ocrx_word' id='word_1_584' title='bbox 285 5138 362 5206; x_wconf 80' lang='lat' dir='ltr'><strong>Ouid</strong></span> <span class='ocrx_word' id='word_1_585' title='bbox 373 5142 474 5194; x_wconf 90' lang='lat' dir='ltr'><strong>autem</strong></span> <span class='ocrx_word' id='word_1_586' title='bbox 489 5150 550 5193; x_wconf 92' lang='lat' dir='ltr'><strong>non</strong></span> <span class='ocrx_word' id='word_1_587' title='bbox 563 5136 673 5192; x_wconf 92' lang='lat' dir='ltr'><strong>mirum</strong></span> <span class='ocrx_word' id='word_1_588' title='bbox 686 5134 756 5193; x_wconf 85' lang='lat' dir='ltr'><strong>facit</strong></span> <span class='ocrx_word' id='word_1_589' title='bbox 777 5139 853 5193; x_wconf 79' lang='lat' dir='ltr'><strong>licus</strong></span> <span class='ocrx_word' id='word_1_590' title='bbox 865 5137 896 5194; x_wconf 93' lang='lat' dir='ltr'><strong>in</strong></span> <span class='ocrx_word' id='word_1_591' title='bbox 916 5138 1015 5196; x_wconf 93' lang='lat' dir='ltr'><strong>omni-</strong></span> 
     </span>
     <span class='ocr_line' id='line_1_58' title="bbox 188 5224 1015 5299; baseline -0.001 -13"><span class='ocrx_word' id='word_1_592' title='bbox 188 5227 246 5286; x_wconf 88' lang='lat' dir='ltr'><strong>bus</strong></span> <span class='ocrx_word' id='word_1_593' title='bbox 254 5234 396 5286; x_wconf 77' lang='lat' dir='ltr'><strong>creaturas</strong></span> <span class='ocrx_word' id='word_1_594' title='bbox 410 5224 553 5290; x_wconf 90' lang='lat' dir='ltr'><strong>motibus,</strong></span> <span class='ocrx_word' id='word_1_595' title='bbox 570 5224 625 5280; x_wconf 92' lang='lat' dir='ltr'><strong>nisi</strong></span> <span class='ocrx_word' id='word_1_596' title='bbox 637 5224 854 5282; x_wconf 90' lang='lat' dir='ltr'><strong>consuetudine</strong></span> <span class='ocrx_word' id='word_1_597' title='bbox 866 5227 1015 5299; x_wconf 92' lang='lat' dir='ltr'><strong>quotidia-</strong></span> 
     </span>
     <span class='ocr_line' id='line_1_59' title="bbox 189 5314 1014 5388; baseline -0.002 -12"><span class='ocrx_word' id='word_1_598' title='bbox 189 5332 230 5376; x_wconf 90' lang='lat' dir='ltr'><strong>na</strong></span> <span class='ocrx_word' id='word_1_599' title='bbox 252 5317 400 5373; x_wconf 82' lang='lat' dir='ltr'><strong>siluissent</strong></span> <span class='ocrx_word' id='word_1_600' title='bbox 423 5318 430 5375; x_wconf 92' lang='lat' dir='ltr'><strong>t</strong></span> <span class='ocrx_word' id='word_1_601' title='bbox 456 5314 590 5388; x_wconf 91' lang='lat' dir='ltr'><strong>Denique</strong></span> <span class='ocrx_word' id='word_1_602' title='bbox 604 5329 697 5387; x_wconf 90' lang='lat' dir='ltr'><strong>quam</strong></span> <span class='ocrx_word' id='word_1_603' title='bbox 718 5314 812 5371; x_wconf 86' lang='lat' dir='ltr'><strong>multa</strong></span> <span class='ocrx_word' id='word_1_604' title='bbox 833 5317 941 5374; x_wconf 90' lang='lat' dir='ltr'><strong>usitata</strong></span> <span class='ocrx_word' id='word_1_605' title='bbox 956 5318 1014 5374; x_wconf 90' lang='lat' dir='ltr'><strong>cnl-</strong></span> 
     </span>
     <span class='ocr_line' id='line_1_60' title="bbox 188 5403 1014 5479; baseline 0.001 -17"><span class='ocrx_word' id='word_1_606' title='bbox 188 5411 305 5472; x_wconf 89' lang='lat' dir='ltr'><strong>cantur,</strong></span> <span class='ocrx_word' id='word_1_607' title='bbox 321 5421 390 5478; x_wconf 80' lang='lat' dir='ltr'><strong>quse</strong></span> <span class='ocrx_word' id='word_1_608' title='bbox 404 5403 592 5464; x_wconf 88' lang='lat' dir='ltr'><strong>considerata</strong></span> <span class='ocrx_word' id='word_1_609' title='bbox 602 5407 763 5475; x_wconf 87' lang='lat' dir='ltr'><strong>stupentur</strong></span> <span class='ocrx_word' id='word_1_610' title='bbox 778 5406 784 5462; x_wconf 90' lang='lat' dir='ltr'><strong>t</strong></span> <span class='ocrx_word' id='word_1_611' title='bbox 802 5404 877 5462; x_wconf 92' lang='lat' dir='ltr'><strong>sicut</strong></span> <span class='ocrx_word' id='word_1_612' title='bbox 891 5406 958 5479; x_wconf 88' lang='lat' dir='ltr'><strong>ipsa</strong></span> <span class='ocrx_word' id='word_1_613' title='bbox 970 5408 1014 5463; x_wconf 82' lang='lat' dir='ltr'><strong>vis</strong></span> 
     </span>
    </p>
   </div>
   <div class='ocr_carea' id='block_1_6' title="bbox 188 5511 1016 5697">
    <p class='ocr_par' dir='ltr' id='par_1_8' title="bbox 188 5511 1016 5697">
     <span class='ocr_line' id='line_1_61' title="bbox 188 5511 1016 5576; baseline 0.002 -12"><span class='ocrx_word' id='word_1_614' title='bbox 188 5525 242 5564; x_wconf 79' lang='lat' dir='ltr'><strong>teca</strong></span> <span class='ocrx_word' id='word_1_615' title='bbox 255 5511 387 5562; x_wconf 72' lang='lat' dir='ltr'><strong>salicetus</strong></span> <span class='ocrx_word' id='word_1_616' title='bbox 402 5513 487 5563; x_wconf 80' lang='lat' dir='ltr'><strong>rebus.</strong></span> <span class='ocrx_word' id='word_1_617' title='bbox 506 5513 540 5561; x_wconf 83' lang='lat' dir='ltr'><strong>ill</strong></span> <span class='ocrx_word' id='word_1_618' title='bbox 555 5512 582 5562; x_wconf 94' lang='lat' dir='ltr'><strong>in</strong></span> <span class='ocrx_word' id='word_1_619' title='bbox 597 5511 724 5563; x_wconf 86' lang='lat' dir='ltr'><strong>omnibus</strong></span> <span class='ocrx_word' id='word_1_620' title='bbox 738 5524 821 5576; x_wconf 90' lang='lat' dir='ltr'><strong>prope</strong></span> <span class='ocrx_word' id='word_1_621' title='bbox 836 5512 896 5565; x_wconf 85' lang='lat' dir='ltr'><strong>lies.</strong></span> <span class='ocrx_word' id='word_1_622' title='bbox 915 5529 922 5565; x_wconf 92' lang='lat'><strong>:</strong></span> <span class='ocrx_word' id='word_1_623' title='bbox 943 5512 1016 5576; x_wconf 80' lang='lat' dir='ltr'><strong>Quod</strong></span> 
     </span>
     <span class='ocr_line' id='line_1_62' title="bbox 190 5573 751 5629; baseline -0.005 -3"><span class='ocrx_word' id='word_1_624' title='bbox 190 5573 289 5626; x_wconf 71' lang='lat' dir='ltr'><strong>exbibet</strong></span> <span class='ocrx_word' id='word_1_625' title='bbox 305 5575 446 5629; x_wconf 83' lang='lat' dir='ltr'><strong>acribus...</strong></span> <span class='ocrx_word' id='word_1_626' title='bbox 462 5589 515 5624; x_wconf 79' lang='lat' dir='ltr'><strong>cos</strong></span> <span class='ocrx_word' id='word_1_627' title='bbox 530 5574 657 5625; x_wconf 71' lang='lat' dir='ltr'><strong>exhiberet</strong></span> <span class='ocrx_word' id='word_1_628' title='bbox 669 5574 751 5626; x_wconf 83' lang='lat' dir='ltr'><strong>rebus.</strong></span> 
     </span>
     <span class='ocr_line' id='line_1_63' title="bbox 223 5635 639 5697; baseline 0 -9"><span class='ocrx_word' id='word_1_629' title='bbox 223 5635 435 5688; x_wconf 70' lang='grc' dir='ltr'><strong>1ιιοιιιιιιιιιιιιι</strong></span> <span class='ocrx_word' id='word_1_630' title='bbox 451 5637 525 5697; x_wconf 84' lang='grc' dir='ltr'>ιιιι.,</span> <span class='ocrx_word' id='word_1_631' title='bbox 543 5641 639 5689; x_wconf 76' lang='lat' dir='ltr'><strong>tostus.</strong></span> 
     </span>
    </p>
   </div>
   <div class='ocr_carea' id='block_1_7' title="bbox 1068 2998 1925 5471">
    <p class='ocr_par' dir='ltr' id='par_1_9' title="bbox 1070 2998 1925 4675">
     <span class='ocr_line' id='line_1_64' title="bbox 1074 2998 1906 3072; baseline 0.014 -17"><span class='ocrx_word' id='word_1_632' title='bbox 1074 2998 1108 3055; x_wconf 85' lang='lat' dir='ltr'><strong>fit</strong></span> <span class='ocrx_word' id='word_1_633' title='bbox 1122 2999 1161 3056; x_wconf 88' lang='lat' dir='ltr'><strong>ad</strong></span> <span class='ocrx_word' id='word_1_634' title='bbox 1176 2999 1379 3072; x_wconf 89' lang='lat' dir='ltr'><strong>procreandos</strong></span> <span class='ocrx_word' id='word_1_635' title='bbox 1392 3000 1530 3058; x_wconf 87' lang='lat' dir='ltr'><strong>homines</strong></span> <span class='ocrx_word' id='word_1_636' title='bbox 1540 3003 1611 3060; x_wconf 91' lang='lat' dir='ltr'><strong>:hoc</strong></span> <span class='ocrx_word' id='word_1_637' title='bbox 1627 3004 1718 3061; x_wconf 90' lang='lat' dir='ltr'><strong>semel</strong></span> <span class='ocrx_word' id='word_1_638' title='bbox 1731 3008 1845 3065; x_wconf 83' lang='lat' dir='ltr'><strong>factum</strong></span> <span class='ocrx_word' id='word_1_639' title='bbox 1862 3015 1906 3067; x_wconf 91' lang='lat' dir='ltr'><strong>est</strong></span> 
     </span>
     <span class='ocr_line' id='line_1_65' title="bbox 1074 3087 1907 3156; baseline 0.013 -11"><span class='ocrx_word' id='word_1_640' title='bbox 1074 3087 1114 3145; x_wconf 89' lang='lat' dir='ltr'><strong>ad</strong></span> <span class='ocrx_word' id='word_1_641' title='bbox 1126 3087 1301 3145; x_wconf 87' lang='lat' dir='ltr'><strong>liberandos</strong></span> <span class='ocrx_word' id='word_1_642' title='bbox 1316 3089 1465 3147; x_wconf 87' lang='lat' dir='ltr'><strong>homines.</strong></span> <span class='ocrx_word' id='word_1_643' title='bbox 1487 3090 1698 3150; x_wconf 88' lang='lat' dir='ltr'><strong>Verumtamen</strong></span> <span class='ocrx_word' id='word_1_644' title='bbox 1712 3094 1845 3153; x_wconf 88' lang='lat' dir='ltr'><strong>duarum</strong></span> <span class='ocrx_word' id='word_1_645' title='bbox 1861 3113 1907 3156; x_wconf 88' lang='lat' dir='ltr'><strong>re·</strong></span> 
     </span>
     <span class='ocr_line' id='line_1_66' title="bbox 1073 3176 1904 3253; baseline 0.012 -21"><span class='ocrx_word' id='word_1_646' title='bbox 1073 3176 1904 3253; x_wconf 84' lang='lat' dir='ltr'><strong>rumincorporearumcommixtioluciliuscredidebuit,</strong></span> 
     </span>
     <span class='ocr_line' id='line_1_67' title="bbox 1072 3265 1904 3344; baseline 0.014 -24"><span class='ocrx_word' id='word_1_647' title='bbox 1072 3279 1166 3338; x_wconf 89' lang='lat' dir='ltr'><strong>quarn</strong></span> <span class='ocrx_word' id='word_1_648' title='bbox 1183 3266 1271 3322; x_wconf 89' lang='lat' dir='ltr'><strong>unius</strong></span> <span class='ocrx_word' id='word_1_649' title='bbox 1284 3265 1479 3337; x_wconf 78' lang='lat' dir='ltr'><strong>incorpores,</strong></span> <span class='ocrx_word' id='word_1_650' title='bbox 1487 3274 1515 3324; x_wconf 89' lang='lat' dir='ltr'><strong>st</strong></span> <span class='ocrx_word' id='word_1_651' title='bbox 1527 3267 1646 3326; x_wconf 87' lang='lat' dir='ltr'><strong>alterius</strong></span> <span class='ocrx_word' id='word_1_652' title='bbox 1658 3276 1904 3344; x_wconf 57' lang='lat' dir='ltr'><strong>corporesitum</strong></span> 
     </span>
     <span class='ocr_line' id='line_1_68' title="bbox 1073 3353 1905 3434; baseline 0.013 -24"><span class='ocrx_word' id='word_1_653' title='bbox 1073 3353 1098 3410; x_wconf 90' lang='lat' dir='ltr'><strong>si</strong></span> <span class='ocrx_word' id='word_1_654' title='bbox 1117 3353 1221 3410; x_wconf 90' lang='lat' dir='ltr'><strong>anima</strong></span> <span class='ocrx_word' id='word_1_655' title='bbox 1234 3355 1265 3410; x_wconf 92' lang='lat' dir='ltr'><strong>iu</strong></span> <span class='ocrx_word' id='word_1_656' title='bbox 1282 3370 1337 3412; x_wconf 88' lang='lat' dir='ltr'><strong>sua</strong></span> <span class='ocrx_word' id='word_1_657' title='bbox 1352 3361 1460 3413; x_wconf 89' lang='lat' dir='ltr'><strong>natura</strong></span> <span class='ocrx_word' id='word_1_658' title='bbox 1474 3372 1535 3413; x_wconf 93' lang='lat' dir='ltr'><strong>non</strong></span> <span class='ocrx_word' id='word_1_659' title='bbox 1549 3356 1676 3425; x_wconf 77' lang='lat' dir='ltr'><strong>fallatur,</strong></span> <span class='ocrx_word' id='word_1_660' title='bbox 1693 3361 1905 3434; x_wconf 86' lang='lat' dir='ltr'><strong>incorpoream</strong></span> 
     </span>
     <span class='ocr_line' id='line_1_69' title="bbox 1073 3443 1905 3523; baseline 0.013 -24"><span class='ocrx_word' id='word_1_661' title='bbox 1073 3457 1105 3499; x_wconf 88' lang='lat' dir='ltr'><strong>se</strong></span> <span class='ocrx_word' id='word_1_662' title='bbox 1118 3459 1185 3499; x_wconf 90' lang='lat' dir='ltr'><strong>esse</strong></span> <span class='ocrx_word' id='word_1_663' title='bbox 1200 3443 1428 3515; x_wconf 88' lang='lat' dir='ltr'><strong>comprehendit</strong></span> <span class='ocrx_word' id='word_1_664' title='bbox 1443 3463 1451 3499; x_wconf 74' lang='grc' dir='ltr'><strong>ι</strong></span> <span class='ocrx_word' id='word_1_665' title='bbox 1468 3443 1561 3503; x_wconf 92' lang='lat' dir='ltr'><strong>multo</strong></span> <span class='ocrx_word' id='word_1_666' title='bbox 1577 3448 1673 3519; x_wconf 87' lang='lat' dir='ltr'><strong>magis</strong></span> <span class='ocrx_word' id='word_1_667' title='bbox 1690 3448 1905 3523; x_wconf 89' lang='lat' dir='ltr'><strong>incorporeum</strong></span> 
     </span>
     <span class='ocr_line' id='line_1_70' title="bbox 1072 3531 1904 3607; baseline 0.012 -19"><span class='ocrx_word' id='word_1_668' title='bbox 1072 3537 1117 3588; x_wconf 88' lang='lat' dir='ltr'><strong>est</strong></span> <span class='ocrx_word' id='word_1_669' title='bbox 1136 3531 1265 3588; x_wconf 86' lang='lat' dir='ltr'><strong>Verbum</strong></span> <span class='ocrx_word' id='word_1_670' title='bbox 1288 3533 1348 3599; x_wconf 88' lang='lat' dir='ltr'><strong>Dei,</strong></span> <span class='ocrx_word' id='word_1_671' title='bbox 1364 3549 1400 3589; x_wconf 89' lang='lat' dir='ltr'><strong>ae</strong></span> <span class='ocrx_word' id='word_1_672' title='bbox 1419 3549 1473 3607; x_wconf 90' lang='lat' dir='ltr'><strong>per</strong></span> <span class='ocrx_word' id='word_1_673' title='bbox 1490 3534 1549 3591; x_wconf 90' lang='lat' dir='ltr'><strong>hoc</strong></span> <span class='ocrx_word' id='word_1_674' title='bbox 1567 3535 1654 3593; x_wconf 87' lang='lat' dir='ltr'><strong>Verbi</strong></span> <span class='ocrx_word' id='word_1_675' title='bbox 1678 3537 1725 3593; x_wconf 91' lang='grc' dir='ltr'>[ιιι</span> <span class='ocrx_word' id='word_1_676' title='bbox 1744 3544 1772 3596; x_wconf 89' lang='grc' dir='ltr'><strong>ιι</strong></span> <span class='ocrx_word' id='word_1_677' title='bbox 1791 3541 1904 3599; x_wconf 80' lang='lat' dir='ltr'><strong>animas</strong></span> 
     </span>
     <span class='ocr_line' id='line_1_71' title="bbox 1072 3618 1905 3697; baseline 0.011 -19"><span class='ocrx_word' id='word_1_678' title='bbox 1072 3618 1244 3678; x_wconf 84' lang='lat' dir='ltr'><strong>credibilior</strong></span> <span class='ocrx_word' id='word_1_679' title='bbox 1258 3621 1361 3678; x_wconf 92' lang='lat' dir='ltr'><strong>debuit</strong></span> <span class='ocrx_word' id='word_1_680' title='bbox 1376 3637 1442 3679; x_wconf 89' lang='lat' dir='ltr'><strong>esse</strong></span> <span class='ocrx_word' id='word_1_681' title='bbox 1457 3624 1624 3695; x_wconf 84' lang='lat' dir='ltr'><strong>permixtio,</strong></span> <span class='ocrx_word' id='word_1_682' title='bbox 1640 3642 1733 3697; x_wconf 90' lang='lat' dir='ltr'><strong>quam</strong></span> <span class='ocrx_word' id='word_1_683' title='bbox 1747 3627 1860 3686; x_wconf 77' lang='lat' dir='ltr'><strong>animm</strong></span> <span class='ocrx_word' id='word_1_684' title='bbox 1874 3636 1905 3688; x_wconf 92' lang='lat' dir='ltr'><strong>et</strong></span> 
     </span>
     <span class='ocr_line' id='line_1_72' title="bbox 1072 3709 1903 3787; baseline 0.013 -21"><span class='ocrx_word' id='word_1_685' title='bbox 1072 3709 1215 3782; x_wconf 92' lang='lat' dir='ltr'><strong>corporis.</strong></span> <span class='ocrx_word' id='word_1_686' title='bbox 1226 3709 1283 3766; x_wconf 87' lang='lat' dir='ltr'><strong>Sed</strong></span> <span class='ocrx_word' id='word_1_687' title='bbox 1294 3711 1351 3767; x_wconf 92' lang='lat' dir='ltr'><strong>hoc</strong></span> <span class='ocrx_word' id='word_1_688' title='bbox 1363 3709 1393 3766; x_wconf 94' lang='lat' dir='ltr'><strong>in</strong></span> <span class='ocrx_word' id='word_1_689' title='bbox 1408 3711 1496 3768; x_wconf 91' lang='lat' dir='ltr'><strong>nobis</strong></span> <span class='ocrx_word' id='word_1_690' title='bbox 1509 3713 1581 3786; x_wconf 88' lang='lat' dir='ltr'><strong>ipsis</strong></span> <span class='ocrx_word' id='word_1_691' title='bbox 1594 3717 1776 3787; x_wconf 88' lang='lat' dir='ltr'><strong>experimur:</strong></span> <span class='ocrx_word' id='word_1_692' title='bbox 1785 3716 1859 3774; x_wconf 92' lang='lat' dir='ltr'><strong>illud</strong></span> <span class='ocrx_word' id='word_1_693' title='bbox 1870 3719 1903 3777; x_wconf 94' lang='lat' dir='ltr'><strong>in</strong></span> 
     </span>
     <span class='ocr_line' id='line_1_73' title="bbox 1072 3797 1903 3879; baseline 0.011 -22"><span class='ocrx_word' id='word_1_694' title='bbox 1072 3797 1187 3857; x_wconf 85' lang='lat' dir='ltr'><strong>Christo</strong></span> <span class='ocrx_word' id='word_1_695' title='bbox 1195 3799 1315 3856; x_wconf 90' lang='lat' dir='ltr'><strong>credere</strong></span> <span class='ocrx_word' id='word_1_696' title='bbox 1323 3799 1476 3870; x_wconf 85' lang='lat' dir='ltr'><strong>jubemur.</strong></span> <span class='ocrx_word' id='word_1_697' title='bbox 1488 3800 1518 3857; x_wconf 88' lang='lat' dir='ltr'><strong>Si</strong></span> <span class='ocrx_word' id='word_1_698' title='bbox 1528 3809 1629 3860; x_wconf 88' lang='lat' dir='ltr'><strong>autem</strong></span> <span class='ocrx_word' id='word_1_699' title='bbox 1642 3807 1802 3879; x_wconf 90' lang='lat' dir='ltr'><strong>utrumque</strong></span> <span class='ocrx_word' id='word_1_700' title='bbox 1812 3808 1903 3866; x_wconf 87' lang='lat' dir='ltr'><strong>nobis</strong></span> 
     </span>
     <span class='ocr_line' id='line_1_74' title="bbox 1072 3888 1904 3971; baseline 0.012 -26"><span class='ocrx_word' id='word_1_701' title='bbox 1072 3888 1182 3961; x_wconf 90' lang='lat' dir='ltr'><strong>pariter</strong></span> <span class='ocrx_word' id='word_1_702' title='bbox 1195 3889 1384 3961; x_wconf 89' lang='lat' dir='ltr'><strong>inexpertum</strong></span> <span class='ocrx_word' id='word_1_703' title='bbox 1395 3888 1578 3948; x_wconf 90' lang='lat' dir='ltr'><strong>credendum</strong></span> <span class='ocrx_word' id='word_1_704' title='bbox 1594 3892 1813 3966; x_wconf 77' lang='lat' dir='ltr'><strong>preciperetur,</strong></span> <span class='ocrx_word' id='word_1_705' title='bbox 1827 3897 1904 3971; x_wconf 87' lang='lat' dir='ltr'><strong>quid</strong></span> 
     </span>
     <span class='ocr_line' id='line_1_75' title="bbox 1071 3976 1904 4046; baseline 0.011 -12"><span class='ocrx_word' id='word_1_706' title='bbox 1071 3976 1181 4034; x_wconf 88' lang='lat' dir='ltr'><strong>horum</strong></span> <span class='ocrx_word' id='word_1_707' title='bbox 1201 3977 1286 4033; x_wconf 91' lang='lat' dir='ltr'><strong>cilius</strong></span> <span class='ocrx_word' id='word_1_708' title='bbox 1305 3977 1522 4036; x_wconf 77' lang='lat' dir='ltr'><strong>crederemus?</strong></span> <span class='ocrx_word' id='word_1_709' title='bbox 1537 3980 1696 4046; x_wconf 84' lang='lat' dir='ltr'><strong>Quomodo</strong></span> <span class='ocrx_word' id='word_1_710' title='bbox 1717 3998 1779 4040; x_wconf 93' lang='lat' dir='ltr'><strong>non</strong></span> <span class='ocrx_word' id='word_1_711' title='bbox 1794 3983 1904 4043; x_wconf 85' lang='lat' dir='ltr'><strong>tatere-</strong></span> 
     </span>
     <span class='ocr_line' id='line_1_76' title="bbox 1072 4065 1903 4143; baseline 0.012 -21"><span class='ocrx_word' id='word_1_712' title='bbox 1072 4082 1140 4123; x_wconf 92' lang='lat' dir='ltr'><strong>mur</strong></span> <span class='ocrx_word' id='word_1_713' title='bbox 1154 4065 1216 4123; x_wconf 94' lang='lat' dir='ltr'><strong>duo</strong></span> <span class='ocrx_word' id='word_1_714' title='bbox 1230 4065 1516 4140; x_wconf 89' lang='lat' dir='ltr'><strong>incorporea,quam</strong></span> <span class='ocrx_word' id='word_1_715' title='bbox 1535 4085 1626 4125; x_wconf 82' lang='lat' dir='ltr'><strong>urium</strong></span> <span class='ocrx_word' id='word_1_716' title='bbox 1642 4085 1820 4143; x_wconf 84' lang='lat' dir='ltr'><strong>corporeum</strong></span> <span class='ocrx_word' id='word_1_717' title='bbox 1829 4073 1903 4132; x_wconf 88' lang='lat' dir='ltr'><strong>alte·</strong></span> 
     </span>
     <span class='ocr_line' id='line_1_77' title="bbox 1072 4154 1903 4231; baseline 0.011 -20"><span class='ocrx_word' id='word_1_718' title='bbox 1072 4169 1199 4228; x_wconf 91' lang='lat' dir='ltr'><strong>rumque</strong></span> <span class='ocrx_word' id='word_1_719' title='bbox 1212 4154 1422 4228; x_wconf 89' lang='lat' dir='ltr'><strong>incorporeum</strong></span> <span class='ocrx_word' id='word_1_720' title='bbox 1438 4156 1554 4212; x_wconf 82' lang='lat' dir='ltr'><strong>facilius</strong></span> <span class='ocrx_word' id='word_1_721' title='bbox 1571 4159 1703 4231; x_wconf 87' lang='lat' dir='ltr'><strong>poluisse</strong></span> <span class='ocrx_word' id='word_1_722' title='bbox 1713 4159 1860 4219; x_wconf 75' lang='lat' dir='ltr'><strong>misceri?</strong></span> <span class='ocrx_word' id='word_1_723' title='bbox 1876 4163 1903 4219; x_wconf 93' lang='lat' dir='ltr'><strong>si</strong></span> 
     </span>
     <span class='ocr_line' id='line_1_78' title="bbox 1071 4244 1902 4315; baseline 0.01 -14"><span class='ocrx_word' id='word_1_724' title='bbox 1071 4250 1173 4301; x_wconf 88' lang='lat' dir='ltr'><strong>tamen</strong></span> <span class='ocrx_word' id='word_1_725' title='bbox 1188 4258 1248 4302; x_wconf 91' lang='lat' dir='ltr'><strong>non</strong></span> <span class='ocrx_word' id='word_1_726' title='bbox 1268 4244 1390 4315; x_wconf 91' lang='lat' dir='ltr'><strong>indigne</strong></span> <span class='ocrx_word' id='word_1_727' title='bbox 1404 4244 1443 4301; x_wconf 90' lang='lat' dir='ltr'><strong>ad</strong></span> <span class='ocrx_word' id='word_1_728' title='bbox 1462 4246 1520 4302; x_wconf 87' lang='lat' dir='ltr'><strong>ista</strong></span> <span class='ocrx_word' id='word_1_729' title='bbox 1535 4247 1683 4304; x_wconf 90' lang='lat' dir='ltr'><strong>mixtionis</strong></span> <span class='ocrx_word' id='word_1_730' title='bbox 1701 4247 1745 4304; x_wconf 83' lang='lat' dir='ltr'><strong>rei</strong></span> <span class='ocrx_word' id='word_1_731' title='bbox 1761 4250 1902 4310; x_wconf 75' lang='lat' dir='ltr'><strong>mixturae</strong></span> 
     </span>
     <span class='ocr_line' id='line_1_79' title="bbox 1071 4332 1901 4414; baseline 0.007 -25"><span class='ocrx_word' id='word_1_732' title='bbox 1071 4348 1182 4390; x_wconf 91' lang='lat' dir='ltr'><strong>nomen</strong></span> <span class='ocrx_word' id='word_1_733' title='bbox 1198 4332 1374 4399; x_wconf 86' lang='lat' dir='ltr'><strong>admittitur,</strong></span> <span class='ocrx_word' id='word_1_734' title='bbox 1391 4341 1512 4408; x_wconf 89' lang='lat' dir='ltr'><strong>propter</strong></span> <span class='ocrx_word' id='word_1_735' title='bbox 1525 4337 1773 4394; x_wconf 89' lang='lat' dir='ltr'><strong>consuetudinem</strong></span> <span class='ocrx_word' id='word_1_736' title='bbox 1793 4354 1901 4414; x_wconf 91' lang='lat' dir='ltr'><strong>corpo·</strong></span> 
     </span>
     <span class='ocr_line' id='line_1_80' title="bbox 1071 4420 1903 4502; baseline 0.011 -24"><span class='ocrx_word' id='word_1_737' title='bbox 1071 4420 1180 4480; x_wconf 91' lang='lat' dir='ltr'><strong>ralium</strong></span> <span class='ocrx_word' id='word_1_738' title='bbox 1194 4437 1305 4491; x_wconf 91' lang='lat' dir='ltr'><strong>rerum,</strong></span> <span class='ocrx_word' id='word_1_739' title='bbox 1319 4421 1408 4493; x_wconf 89' lang='lat' dir='ltr'><strong>longe</strong></span> <span class='ocrx_word' id='word_1_740' title='bbox 1422 4423 1507 4480; x_wconf 87' lang='lat' dir='ltr'><strong>aliter</strong></span> <span class='ocrx_word' id='word_1_741' title='bbox 1521 4440 1554 4480; x_wconf 92' lang='lat' dir='ltr'><strong>se</strong></span> <span class='ocrx_word' id='word_1_742' title='bbox 1567 4424 1744 4483; x_wconf 87' lang='lat' dir='ltr'><strong>habentium</strong></span> <span class='ocrx_word' id='word_1_743' title='bbox 1755 4426 1903 4502; x_wconf 86' lang='lat' dir='ltr'><strong>aliterque</strong></span> 
     </span>
     <span class='ocr_line' id='line_1_81' title="bbox 1070 4516 1222 4568; baseline -0.02 -1"><span class='ocrx_word' id='word_1_744' title='bbox 1070 4516 1222 4568; x_wconf 88' lang='lat' dir='ltr'><strong>notarum.</strong></span> 
     </span>
     <span class='ocr_line' id='line_1_82' title="bbox 1109 4598 1925 4675; baseline 0.016 -21"><span class='ocrx_word' id='word_1_745' title='bbox 1109 4599 1151 4655; x_wconf 81' lang='lat' dir='ltr'><strong>ta.</strong></span> <span class='ocrx_word' id='word_1_746' title='bbox 1168 4598 1298 4657; x_wconf 91' lang='lat' dir='ltr'><strong>Verbum</strong></span> <span class='ocrx_word' id='word_1_747' title='bbox 1313 4600 1402 4670; x_wconf 92' lang='lat' dir='ltr'><strong>igitur</strong></span> <span class='ocrx_word' id='word_1_748' title='bbox 1414 4599 1476 4668; x_wconf 85' lang='lat' dir='ltr'><strong>Dei,</strong></span> <span class='ocrx_word' id='word_1_749' title='bbox 1490 4601 1630 4675; x_wconf 90' lang='lat' dir='ltr'><strong>idemque</strong></span> <span class='ocrx_word' id='word_1_750' title='bbox 1644 4605 1693 4661; x_wconf 88' lang='grc' dir='ltr'>[ιιι</span> <span class='ocrx_word' id='word_1_751' title='bbox 1710 4604 1809 4673; x_wconf 83' lang='lat' dir='ltr'><strong>Filius,</strong></span> <span class='ocrx_word' id='word_1_752' title='bbox 1822 4607 1902 4666; x_wconf 88' lang='lat' dir='ltr'><strong>Patri</strong></span> <span class='ocrx_word' id='word_1_753' title='bbox 1922 4644 1925 4648; x_wconf 89' lang='lat'><strong>·</strong></span> 
     </span>
    </p>

    <p class='ocr_par' dir='ltr' id='par_1_10' title="bbox 1068 4688 1901 5471">
     <span class='ocr_line' id='line_1_83' title="bbox 1070 4688 1901 4768; baseline 0.012 -23"><span class='ocrx_word' id='word_1_754' title='bbox 1070 4693 1246 4754; x_wconf 73' lang='lat' dir='ltr'><strong>coaternus,</strong></span> <span class='ocrx_word' id='word_1_755' title='bbox 1256 4688 1423 4763; x_wconf 88' lang='lat' dir='ltr'><strong>eademque</strong></span> <span class='ocrx_word' id='word_1_756' title='bbox 1434 4690 1529 4748; x_wconf 85' lang='lat' dir='ltr'><strong>Virtus</strong></span> <span class='ocrx_word' id='word_1_757' title='bbox 1539 4693 1818 4768; x_wconf 87' lang='lat' dir='ltr'><strong>etSapientiaDei(l</strong></span> <span class='ocrx_word' id='word_1_758' title='bbox 1829 4696 1901 4756; x_wconf 82' lang='lat' dir='ltr'><strong>Cor.</strong></span> 
     </span>
     <span class='ocr_line' id='line_1_84' title="bbox 1071 4778 1901 4858; baseline 0.014 -26"><span class='ocrx_word' id='word_1_759' title='bbox 1071 4795 1089 4849; x_wconf 88' lang='lat' dir='ltr'><strong>r,</strong></span> <span class='ocrx_word' id='word_1_760' title='bbox 1104 4778 1161 4850; x_wconf 80' lang='lat' dir='ltr'><strong>al),</strong></span> <span class='ocrx_word' id='word_1_761' title='bbox 1178 4793 1196 4834; x_wconf 93' lang='lat' dir='ltr'><strong>a</strong></span> <span class='ocrx_word' id='word_1_762' title='bbox 1211 4793 1341 4850; x_wconf 85' lang='lat' dir='ltr'><strong>superno</strong></span> <span class='ocrx_word' id='word_1_763' title='bbox 1353 4778 1413 4835; x_wconf 86' lang='lat' dir='ltr'><strong>tine</strong></span> <span class='ocrx_word' id='word_1_764' title='bbox 1427 4786 1570 4836; x_wconf 79' lang='lat' dir='ltr'><strong>creaturae</strong></span> <span class='ocrx_word' id='word_1_765' title='bbox 1584 4781 1737 4840; x_wconf 90' lang='lat' dir='ltr'><strong>rationalis</strong></span> <span class='ocrx_word' id='word_1_766' title='bbox 1751 4786 1901 4858; x_wconf 89' lang='lat' dir='ltr'><strong>usquead</strong></span> 
     </span>
     <span class='ocr_line' id='line_1_85' title="bbox 1070 4866 1901 4944; baseline 0.012 -21"><span class='ocrx_word' id='word_1_767' title='bbox 1070 4866 1208 4924; x_wconf 89' lang='lat' dir='ltr'><strong>infimum</strong></span> <span class='ocrx_word' id='word_1_768' title='bbox 1222 4866 1314 4925; x_wconf 84' lang='lat' dir='ltr'><strong>tinem</strong></span> <span class='ocrx_word' id='word_1_769' title='bbox 1327 4874 1470 4926; x_wconf 81' lang='lat' dir='ltr'><strong>creaturae</strong></span> <span class='ocrx_word' id='word_1_770' title='bbox 1482 4870 1646 4942; x_wconf 88' lang='lat' dir='ltr'><strong>corporalis</strong></span> <span class='ocrx_word' id='word_1_771' title='bbox 1657 4873 1808 4944; x_wconf 88' lang='lat' dir='ltr'><strong>altingens</strong></span> <span class='ocrx_word' id='word_1_772' title='bbox 1821 4874 1901 4934; x_wconf 80' lang='lat' dir='ltr'><strong>forti·</strong></span> 
     </span>
     <span class='ocr_line' id='line_1_86' title="bbox 1071 4957 1901 5038; baseline 0.012 -25"><span class='ocrx_word' id='word_1_773' title='bbox 1071 4961 1124 5020; x_wconf 85' lang='lat' dir='ltr'><strong>ter,</strong></span> <span class='ocrx_word' id='word_1_774' title='bbox 1136 4960 1165 5013; x_wconf 88' lang='lat' dir='ltr'><strong>ei</strong></span> <span class='ocrx_word' id='word_1_775' title='bbox 1177 4957 1344 5029; x_wconf 89' lang='lat' dir='ltr'><strong>disponens</strong></span> <span class='ocrx_word' id='word_1_776' title='bbox 1358 4958 1462 5015; x_wconf 90' lang='lat' dir='ltr'><strong>omnia</strong></span> <span class='ocrx_word' id='word_1_777' title='bbox 1477 4959 1610 5016; x_wconf 85' lang='lat' dir='ltr'><strong>suaviter</strong></span> <span class='ocrx_word' id='word_1_778' title='bbox 1620 4960 1901 5038; x_wconf 69' lang='lat' dir='ltr'><strong>tscp.v1u,l),prss</strong></span> 
     </span>
     <span class='ocr_line' id='line_1_87' title="bbox 1071 5046 1900 5125; baseline 0.011 -22"><span class='ocrx_word' id='word_1_779' title='bbox 1071 5062 1142 5104; x_wconf 89' lang='lat' dir='ltr'><strong>sens</strong></span> <span class='ocrx_word' id='word_1_780' title='bbox 1155 5052 1183 5103; x_wconf 93' lang='lat' dir='ltr'><strong>et</strong></span> <span class='ocrx_word' id='word_1_781' title='bbox 1196 5046 1303 5112; x_wconf 91' lang='lat' dir='ltr'><strong>latens,</strong></span> <span class='ocrx_word' id='word_1_782' title='bbox 1325 5063 1476 5121; x_wconf 89' lang='lat' dir='ltr'><strong>nusquam</strong></span> <span class='ocrx_word' id='word_1_783' title='bbox 1496 5048 1647 5117; x_wconf 90' lang='lat' dir='ltr'><strong>conclusa,</strong></span> <span class='ocrx_word' id='word_1_784' title='bbox 1666 5067 1819 5125; x_wconf 90' lang='lat' dir='ltr'><strong>nusquam</strong></span> <span class='ocrx_word' id='word_1_785' title='bbox 1839 5054 1900 5111; x_wconf 81' lang='lat' dir='ltr'><strong>dia·</strong></span> 
     </span>
     <span class='ocr_line' id='line_1_88' title="bbox 1070 5135 1897 5215; baseline 0.007 -21"><span class='ocrx_word' id='word_1_786' title='bbox 1070 5136 1158 5202; x_wconf 89' lang='lat' dir='ltr'><strong>cissa,</strong></span> <span class='ocrx_word' id='word_1_787' title='bbox 1169 5151 1321 5210; x_wconf 92' lang='lat' dir='ltr'><strong>nusquam</strong></span> <span class='ocrx_word' id='word_1_788' title='bbox 1335 5135 1519 5203; x_wconf 89' lang='lat' dir='ltr'><strong>tumida,sed</strong></span> <span class='ocrx_word' id='word_1_789' title='bbox 1534 5138 1598 5194; x_wconf 91' lang='lat' dir='ltr'><strong>sine</strong></span> <span class='ocrx_word' id='word_1_790' title='bbox 1609 5138 1688 5196; x_wconf 92' lang='lat' dir='ltr'><strong>mole</strong></span> <span class='ocrx_word' id='word_1_791' title='bbox 1700 5139 1813 5215; x_wconf 91' lang='lat' dir='ltr'><strong>ubique</strong></span> <span class='ocrx_word' id='word_1_792' title='bbox 1826 5148 1897 5212; x_wconf 86' lang='lat' dir='ltr'><strong>tota,</strong></span> 
     </span>
     <span class='ocr_line' id='line_1_89' title="bbox 1069 5223 1900 5302; baseline 0.01 -21"><span class='ocrx_word' id='word_1_793' title='bbox 1069 5223 1159 5294; x_wconf 90' lang='lat' dir='ltr'><strong>longe</strong></span> <span class='ocrx_word' id='word_1_794' title='bbox 1173 5224 1232 5282; x_wconf 92' lang='lat' dir='ltr'><strong>alio</strong></span> <span class='ocrx_word' id='word_1_795' title='bbox 1246 5224 1338 5282; x_wconf 91' lang='lat' dir='ltr'><strong>modo</strong></span> <span class='ocrx_word' id='word_1_796' title='bbox 1352 5225 1498 5298; x_wconf 90' lang='lat' dir='ltr'><strong>quodam,</strong></span> <span class='ocrx_word' id='word_1_797' title='bbox 1515 5243 1609 5300; x_wconf 90' lang='lat' dir='ltr'><strong>quam</strong></span> <span class='ocrx_word' id='word_1_798' title='bbox 1623 5243 1659 5284; x_wconf 91' lang='lat' dir='ltr'><strong>eo</strong></span> <span class='ocrx_word' id='word_1_799' title='bbox 1678 5244 1740 5302; x_wconf 93' lang='lat' dir='ltr'><strong>quo</strong></span> <span class='ocrx_word' id='word_1_800' title='bbox 1756 5232 1900 5289; x_wconf 88' lang='lat' dir='ltr'><strong>creaturis</strong></span> 
     </span>
     <span class='ocr_line' id='line_1_90' title="bbox 1069 5312 1897 5392; baseline 0.01 -21"><span class='ocrx_word' id='word_1_801' title='bbox 1069 5314 1184 5371; x_wconf 77' lang='lat' dir='ltr'><strong>caeteris</strong></span> <span class='ocrx_word' id='word_1_802' title='bbox 1206 5312 1301 5381; x_wconf 87' lang='lat' dir='ltr'><strong>adest,</strong></span> <span class='ocrx_word' id='word_1_803' title='bbox 1322 5316 1453 5388; x_wconf 87' lang='lat' dir='ltr'><strong>suscepit</strong></span> <span class='ocrx_word' id='word_1_804' title='bbox 1474 5316 1641 5388; x_wconf 87' lang='lat' dir='ltr'><strong>hominem,</strong></span> <span class='ocrx_word' id='word_1_805' title='bbox 1660 5333 1753 5392; x_wconf 89' lang='lat' dir='ltr'><strong>seque</strong></span> <span class='ocrx_word' id='word_1_806' title='bbox 1769 5324 1799 5376; x_wconf 91' lang='lat' dir='ltr'><strong>et</strong></span> <span class='ocrx_word' id='word_1_807' title='bbox 1817 5320 1868 5379; x_wconf 90' lang='lat' dir='ltr'><strong>illo</strong></span> <span class='ocrx_word' id='word_1_808' title='bbox 1887 5324 1897 5359; x_wconf 94' lang='lat'><strong>¹</strong></span> 
     </span>
     <span class='ocr_line' id='line_1_91' title="bbox 1068 5400 1900 5471; baseline 0.01 -11"><span class='ocrx_word' id='word_1_809' title='bbox 1068 5400 1137 5460; x_wconf 84' lang='lat' dir='ltr'><strong>lecit</strong></span> <span class='ocrx_word' id='word_1_810' title='bbox 1146 5419 1239 5459; x_wconf 90' lang='lat' dir='ltr'><strong>unum</strong></span> <span class='ocrx_word' id='word_1_811' title='bbox 1253 5405 1353 5460; x_wconf 88' lang='lat' dir='ltr'><strong>lesum</strong></span> <span class='ocrx_word' id='word_1_812' title='bbox 1364 5403 1526 5471; x_wconf 88' lang='lat' dir='ltr'><strong>Christum,</strong></span> <span class='ocrx_word' id='word_1_813' title='bbox 1539 5405 1733 5464; x_wconf 87' lang='lat' dir='ltr'><strong>mediatorem</strong></span> <span class='ocrx_word' id='word_1_814' title='bbox 1743 5407 1794 5466; x_wconf 88' lang='lat' dir='ltr'><strong>Dei</strong></span> <span class='ocrx_word' id='word_1_815' title='bbox 1807 5416 1834 5467; x_wconf 88' lang='lat' dir='ltr'><strong>et</strong></span> <span class='ocrx_word' id='word_1_816' title='bbox 1847 5410 1900 5468; x_wconf 82' lang='lat' dir='ltr'><strong>lio·</strong></span> 
     </span>
    </p>
   </div>
   <div class='ocr_carea' id='block_1_8' title="bbox 1068 5579 1900 5694">
    <p class='ocr_par' dir='ltr' id='par_1_11' title="bbox 1068 5579 1900 5694">
     <span class='ocr_line' id='line_1_92' title="bbox 1068 5579 1900 5694; baseline 0.012 -64"><span class='ocrx_word' id='word_1_817' title='bbox 1068 5579 1240 5694; x_wconf 47' lang='lat' dir='ltr'><strong>et¹illlffm¹ssm</strong></span> <span class='ocrx_word' id='word_1_818' title='bbox 1258 5580 1458 5649; x_wconf 88' lang='lat' dir='ltr'><strong>septemdecim.</strong></span> <span class='ocrx_word' id='word_1_819' title='bbox 1472 5580 1506 5632; x_wconf 80' lang='grc' dir='ltr'><strong>ιιι</strong></span> <span class='ocrx_word' id='word_1_820' title='bbox 1517 5596 1612 5634; x_wconf 85' lang='lat' dir='ltr'><strong>omnes</strong></span> <span class='ocrx_word' id='word_1_821' title='bbox 1624 5583 1809 5647; x_wconf 78' lang='lat' dir='ltr'><strong>Eddixabent,</strong></span> <span class='ocrx_word' id='word_1_822' title='bbox 1823 5601 1900 5655; x_wconf 76' lang='lat' dir='ltr'><strong>seque</strong></span> 
     </span>
    </p>
   </div>
   <div class='ocr_carea' id='block_1_9' title="bbox 0 0 1980 6128">
    <p class='ocr_par' dir='ltr' id='par_1_12' title="bbox 0 0 1980 6128">
     <span class='ocr_line' id='line_1_93' title="bbox 0 0 1980 6128; baseline 0 2"><span class='ocrx_word' id='word_1_823' title='bbox 0 0 1980 6128; x_wconf 95' lang='lat' dir='ltr'><strong> </strong></span> 
     </span>
    </p>
   </div>
  </div>
 </body>
</html>
