3952 6128
129 273 163 332 ld
177 274 232 336 est,
246 269 479 327 undedaceatur
491 281 680 334 rerumesse,
694 265 777 340 quod
786 263 888 334 sentis,
899 278 957 321 nos

128 360 252 436 penitus
270 362 352 418 latet.

165 450 193 507 9.
204 450 361 522 Propterea
368 447 535 520 petiveram
545 445 696 520 prioribus
705 443 808 503 litteris
819 444 894 501 meis
903 441 957 518 (a),

130 544 165 597 ut
173 536 317 596 Libellum
328 535 419 604 Fidei,
429 551 520 609 quem
529 539 555 593 te
563 533 718 608 scripsisse
726 547 957 604 commemoras,

129 629 218 703 eique
228 626 431 699 nescioquem
439 623 959 697 presbyterumfaitucitersuiscrip

128 719 200 777 aisse
218 714 419 790 conquereris,
442 714 514 772 mihi
539 714 655 771 mittere
669 712 836 784 dignareris
853 733 860 779 ;
875 712 959 786 quod

127 807 310 866 etiamnunc
322 807 402 878 pelo,
415 807 444 860 et
453 803 525 876 quid
538 800 778 859 testimoniorum
788 801 959 860 divinorum

127 896 200 955 huic
214 892 373 969 quaestioni
389 890 558 949 reserandae
574 890 716 947 adhibere
729 890 863 963 potuisti.
880 891 959 948 Dicis

128 985 257 1045 enimin
277 982 405 1057 epistola
421 980 460 1038 ad
481 982 684 1038 cesareenses
701 981 852 1050 placuisse
867 982 959 1048 auhn,

129 1080 164 1134 ut
185 1088 300 1132 omnem
314 1072 446 1129 ueritatis
461 1068 727 1141 adprobationem,
749 1069 838 1128 etiam
847 1070 960 1143 Judices

129 1164 339 1237 eoqnoseerent
352 1160 518 1226 saculares,
530 1158 635 1230 quihus
646 1173 684 1216 ea
696 1161 846 1216 communi
858 1160 963 1231 depre-

130 1246 774 1318 catianeresidentihus,etadfidemuniuersa
784 1247 962 1306 rimantibus

130 1342 166 1401 id
176 1339 334 1404 Divinitas,
349 1344 381 1395 ut
393 1337 510 1404 scribis,
523 1336 732 1394 misericordia
741 1351 802 1395 sua
811 1338 964 1410 infusione

132 1430 246 1503 larqita
257 1433 359 1494 est,·ut
370 1429 513 1498 majorem
525 1425 757 1496 affirmationem
767 1427 965 1496 prosuissen·

132 1514 662 1588 eihueassertionemqueproferreut,
673 1529 764 1587 quam
775 1517 964 1576 uestracirca

132 1623 182 1667 eas
195 1605 382 1665 mediocritas
391 1620 459 1662 cum
469 1604 634 1675 inqentium
648 1602 882 1663 testimoniorum
897 1622 965 1665 auc-

132 1696 305 1757 toritatibus
319 1693 494 1753 retentator.
511 1695 569 1751 ilas
583 1709 655 1765 ergo
669 1693 906 1753 testimoniorum
918 1698 966 1755 in.

131 1787 266 1860 gentium
282 1785 469 1843 auctoritates
484 1782 596 1853 ingenti
613 1782 712 1840 studio
725 1784 800 1840 scire
812 1783 964 1844 desidero.

171 1879 217 1933 lli.
230 1873 331 1934 Solam
341 1873 454 1948 quippe
466 1887 558 1928 unam
569 1885 693 1928 causam
709 1871 819 1929 rideris
834 1880 965 1942 secutus,

134 1979 198 2040 qua
205 1960 441 2022 contradictores
452 1958 783 2033 tuosreletleres;quod
793 1962 905 2021 scilicet
913 1979 965 2021 ne·

135 2057 242 2126 gerent
253 2066 320 2109 esee
332 2065 409 2123 opus
423 2049 472 2106 liei
483 2048 602 2107 animas
612 2054 743 2106 nostras.
757 2051 843 2116 Quod
858 2051 883 2109 ei
898 2066 966 2109 sen-

134 2143 223 2210 tiunt,
246 2139 351 2198 merito
366 2153 472 2196 eorum
485 2137 630 2194 sententia
639 2135 793 2210 judicetur
807 2155 870 2196 esse
882 2140 967 2198 dam·

134 2231 250 2290 nanda.
272 2232 347 2287 liam
367 2227 425 2285 hoc
443 2227 468 2283 si
487 2225 613 2300 deipsis
631 2226 809 2300 corporibus
824 2228 965 2298 dicerent,

135 2318 244 2395 procul
262 2316 356 2375 dubio
374 2316 492 2373 lucrant
512 2313 705 2386 emendandi,
724 2315 771 2372 vel
787 2316 965 2376 detestandi.

137 2407 210 2476 Quis
220 2407 301 2465 enim
310 2405 493 2463 Christianus
502 2408 600 2476 neget,
608 2417 699 2477 opera
712 2404 760 2461 liei
769 2421 967 2481 essecorpora

137 2495 325 2569 singulorum
334 2508 526 2569 quorumque
535 2492 811 2552 nascentiumlneo
821 2500 921 2554 tamen
931 2512 967 2555 ea

136 2590 298 2661 propterea
316 2597 464 2655 negamus
478 2580 682 2655 aparentibus
697 2582 790 2656 gigni,
805 2585 877 2657 quia
891 2583 967 2644 late·

135 2689 208 2733 rnur
220 2672 365 2730 divinitus
379 2670 464 2742 fingi.
478 2669 605 2738 Quando
620 2686 690 2742 ergo
703 2670 812 2729 dicitur
823 2674 865 2731 sic
877 2676 967 2733 etiarn

136 2764 309 2824 animarum
322 2765 491 2819 nostrerum
506 2760 682 2834 incorporea
703 2761 844 2835 quaedam
859 2765 905 2822 sul
920 2781 969 2838 gs·

136 2852 217 2911 neris
225 2852 351 2921 umiae,
364 2854 393 2908 et
403 2866 422 2907 a
433 2849 607 2924 parentibus
620 2849 707 2917 trahi,
721 2854 863 2909 ettamen
874 2869 910 2911 ex
925 2852 969 2912 eis

136 2940 257 3000 eninm
276 2940 328 2997 liei
345 2953 436 3013 opere
451 2937 541 3004 deri3
561 2937 598 2994 ad
621 2937 679 2995 hoc
698 2938 889 3000 refutandum
907 2957 969 3000 non

135 3029 274 3088 humana
296 3028 480 3101 conjectura,
505 3026 560 3085 sed
579 3027 683 3086 divina
709 3029 861 3102 Scriptura
886 3032 970 3089 testis

136 3118 313 3178 adhibenda
321 3122 375 3176 est.
384 3120 458 3174 Nam
468 3115 506 3173 de
517 3115 628 3174 sanctis
637 3116 889 3177 Librisoanoniom
901 3135 970 3178 auc·

136 3208 265 3268 mistis
277 3207 375 3280 potuit
389 3204 478 3263 nohis
495 3204 734 3263 testimoniorum
750 3213 907 3281 suppetere
921 3222 972 3266 co-

137 3296 202 3372 pia,
212 3311 273 3370 qua
282 3294 427 3369 probatur
435 3293 513 3351 lieris
525 3294 643 3351 animas
654 3294 766 3364 lacere;
778 3295 830 3353 sed
841 3297 972 3356 testimo·

137 3386 199 3444 niis
211 3384 321 3442 talibus
331 3385 349 3441 il
364 3383 597 3453 redarguuntur,
607 3383 659 3456 qui
673 3398 766 3457 opera
776 3385 826 3442 Dei
837 3400 902 3443 esse
913 3387 972 3443 sin·

138 3474 228 3548 gulas
248 3488 385 3547 quasque
401 3472 519 3531 animas
537 3471 569 3528 in
587 3470 763 3531 hominibus
778 3476 972 3534 nascentibus

138 3568 255 3636 negant
268 3577 276 3630 ;
291 3577 353 3619 non
367 3561 389 3618 ii
399 3561 453 3635 qni
466 3563 523 3618 hoc
533 3559 671 3628 latentur,
685 3567 713 3619 et
722 3566 884 3623 temeaeas
895 3566 971 3623 elcut

139 3668 268 3726 corpora
284 3653 344 3710 [teo
357 3651 482 3724 quidem
496 3655 639 3723 operante
654 3650 856 3719 lormarl,.sed
871 3668 906 3711 ex
920 3670 971 3728 pa·

139 3747 261 3803 rentum
271 3740 498 3815 propagatione,
509 3740 701 3797 contendunt.
715 3741 758 3797 Ad
771 3740 828 3798 laos
839 3741 972 3801 rotellan-

140 3832 200 3890 dos
220 3830 273 3888 tihi
288 3830 391 3887 dirius
411 3827 580 3886 ushmonia
597 3834 678 3886 certa
694 3830 859 3902 querenda
878 3836 970 3903 sunt,

142 3925 197 3981 aul
208 3921 234 3977 si
244 3920 308 3993 jam
319 3917 467 3984 invenisti,
478 3917 566 3975 nobis
580 3918 632 3991 qui
644 3919 779 3977 nondum
790 3920 971 3992 invenimus,

141 4027 214 4070 cum
233 4009 465 4083 impensissime,
478 4011 626 4081 quantum
642 4022 817 4080 possumus,
841 4009 973 4085 inquira-

142 4115 224 4165 mus,
239 4103 346 4156 mutue
360 4097 519 4155 dilectione
532 4096 687 4154 mittenda.

181 4187 294 4245 CAPUT
314 4187 347 4244 V.
364 4215 397 4229 -
416 4187 458 4242 tl.
473 4187 536 4243 Tua
549 4185 664 4258 quippe
680 4187 857 4245 consultatio
877 4188 974 4246 laceris

145 4281 237 4350 atque
250 4282 403 4349 postrema
416 4275 446 4332 ln
462 4274 563 4330 litteris
578 4288 655 4347 quas
669 4274 706 4331 ed
721 4274 825 4334 tratres
848 4278 974 4336 Cusue-

738 126 994 199 manutenuit
1007 126 1154 200 masere
1165 126 1218 195 tlt.

1781 116 1848 206 m

1012 261 1092 321 nane
1106 263 1234 333 defluere
1246 276 1259 329 ;
1270 276 1310 319 an
1320 261 1420 333 potius
1434 276 1479 334 ea,
1495 279 1584 337 quam
1612 283 1708 328 omnes
1724 271 1838 342 [ratres

1013 352 1112 422 uestri,
1124 359 1150 410 et
1162 351 1381 409 sacerdoteshic
1390 352 1478 423 positi
1490 354 1616 413 retinent
1626 365 1650 414 et
1660 360 1834 431 affirmant:

1013 441 1149 512 elipando
1176 441 1315 509 definitio,
1342 441 1559 516 credulitasque
1581 448 1744 515 retinenda,
1771 467 1838 523 qua

1013 531 1106 588 Deum
1127 536 1271 587 auctorem
1295 531 1494 589 universarum
1513 548 1620 602 rerum,
1637 536 1839 612 nominumque

1014 617 1840 690 cunctorumetsuisse,etesse,etsuturumessetestaturet

1013 707 1118 766 eredit.
1128 709 1236 764 Horum
1248 706 1475 778 igiturdnorum
1484 726 1550 782 quae
1559 712 1721 772 consulens
1733 732 1841 792 propo·

1014 796 1111 863 suisti,
1127 796 1173 853 vis
1187 801 1218 853 ut
1231 796 1368 870 eligatur,
1376 796 1489 872 tibique
1498 801 1715 873 respondeatur
1730 805 1841 863 alteru-

1015 888 1095 944 trum
1111 905 1118 956 ;
1133 884 1217 959 quod
1232 886 1294 942 lleri
1315 885 1436 943 deberet
1455 887 1495 944 ab
1510 887 1684 962 scientibus,
1702 892 1725 948 si
1742 899 1843 953 essent

1013 978 1091 1036 lnter
1105 990 1136 1032 se
1151 975 1212 1031 duo
1224 975 1279 1032 istu
1291 974 1441 1032 contraria
1457 983 1497 1042 nt,
1511 978 1603 1036 altero
1618 979 1722 1048 electo,
1738 998 1843 1042 conse-

1014 1071 1140 1142 quenter
1155 1069 1231 1122 esset
1250 1063 1376 1121 alterum
1395 1068 1609 1138 respuendum.

1055 1154 1842 1228 tl.lluncautem,siquispiamnonulterumsduobus

1015 1248 1063 1306 hie
1077 1244 1178 1318 eligat,
1196 1243 1248 1300 sed
1269 1249 1429 1319 utrumque
1445 1261 1549 1304 verum
1566 1264 1633 1305 esse
1648 1252 1842 1324 respondeat,

1017 1336 1047 1394 id
1057 1340 1110 1403 est,
1127 1340 1155 1392 et
1167 1336 1197 1390 in
1209 1349 1299 1391 omne
1310 1333 1470 1392 hominum
1481 1351 1578 1407 genus
1590 1344 1712 1396 ceteras
1725 1340 1844 1399 animas

1018 1438 1055 1483 ex
1065 1424 1135 1481 hdae
1146 1423 1320 1498 protoplasti
1332 1422 1532 1481 translusione
1546 1425 1686 1495 defluere,
1700 1433 1728 1487 et
1740 1429 1845 1488 nihilo·

1018 1515 1119 1573 minus
1135 1514 1227 1569 Deum
1240 1519 1393 1569 auctorem
1404 1512 1611 1572 universarum
1624 1533 1734 1583 rerum,
1749 1519 1845 1576 homi-

1018 1618 1153 1677 numque
1167 1605 1343 1658 cunctorum
1360 1605 1388 1657 et
1401 1601 1502 1668 luisse,
1519 1609 1547 1660 et
1565 1620 1641 1672 esse,
1663 1610 1692 1663 et
1709 1607 1845 1665 laturum

1019 1707 1087 1750 esse
1106 1692 1209 1749 credet
1230 1696 1259 1747 et
1273 1689 1353 1747 dicat
1368 1709 1374 1760 ;
1391 1691 1465 1764 quid
1485 1691 1557 1749 huic
1576 1695 1845 1755 contradicendum

1019 1796 1083 1840 esse
1099 1781 1229 1839 censeat
1243 1779 1467 1854 Numquidnam
1487 1781 1593 1840 dicturi
1611 1801 1717 1842 sumus
1733 1802 1740 1841 ε
1758 1786 1786 1843 Si
1811 1802 1847 1844 ex

1019 1869 1848 1946 parentibusanimmpropagantur,noaestlleueauctor

1018 1961 1155 2020 omnium
1174 1972 1284 2023 rerum,
1301 1958 1447 2031 quianon
1468 1956 1537 2017 lacit
1558 1957 1676 2018 animas
1690 1962 1705 2016 ‘l
1717 1965 1848 2035 Respon-

1018 2049 1137 2108 debitnr
1156 2047 1273 2105 enimsi
1288 2046 1346 2103 hoc
1360 2047 1524 2105 dixerimus
1542 2067 1549 2103 ι
1566 2048 1642 2122 Ergo
1657 2052 1730 2124 quia
1742 2067 1848 2126 corpo·

1019 2156 1054 2197 ra
1068 2153 1102 2195 ex
1117 2135 1291 2210 parentibus
1306 2141 1521 2209 propagentur,
1538 2153 1600 2195 non
1620 2144 1665 2197 est
1684 2139 1762 2198 Deus
1777 2156 1847 2198 auo·

1020 2226 1066 2286 lor
1077 2227 1213 2284 omnium
1222 2239 1332 2290 rerum,
1345 2225 1369 2280 si
1380 2227 1564 2298 propterhoc
1575 2227 1773 2286 dicendusest
1784 2245 1847 2287 non

1019 2316 1116 2374 lacere
1129 2328 1266 2387 corpora.
1280 2312 1352 2378 Quis
1363 2317 1465 2370 autem
1477 2321 1565 2385 neget
1576 2320 1729 2374 auctorem
1742 2317 1849 2375 huma·

1020 2420 1128 2463 norum
1142 2402 1280 2461 omnium
1295 2416 1456 2475 corporum
1472 2404 1576 2471 Deum,
1599 2405 1652 2462 sed
1671 2404 1750 2463 iltius
1768 2406 1849 2463 dicat

1020 2493 1122 2560 solius,
1132 2491 1213 2566 quod
1225 2491 1263 2548 de
1273 2496 1350 2547 terra
1362 2491 1499 2564 primitus
1510 2492 1603 2560 linxit,
1616 2500 1750 2552 autcerte
1759 2495 1849 2553 etiam

1020 2582 1159 2655 conjugis
1170 2581 1264 2654 ipsius
1280 2581 1373 2654 ;qula
1387 2584 1417 2636 et
1429 2580 1527 2655 ipsam
1543 2583 1581 2639 de
1598 2582 1689 2641 latere
1704 2583 1769 2656 ejus
1786 2585 1849 2657 ipse

1021 2670 1162 2732 formauit
1172 2687 1179 2737 ;
1189 2675 1356 2727 nonautem
1368 2671 1458 2728 etism
1469 2676 1637 2729 exterorum
1648 2689 1656 2741 ;
1666 2672 1737 2747 quia
1746 2688 1783 2730 ex
1793 2672 1850 2729 illis

1021 2758 1851 2835 cetorshominumcorporadefluxissenegarenonpos·

1022 2850 1155 2909 sumas?

1057 2941 1171 2999 CAPUT
1185 2940 1231 2997 Vl.
1251 2967 1282 2981 -
1295 2937 1339 2995 l3.
1353 2941 1394 2994 tlc
1407 2952 1460 3011 per
1472 2940 1539 3006 hoc,
1556 2939 1593 3006 si,
1609 2939 1756 2997 adversus
1771 2955 1850 3013 quos

1022 3030 1075 3088 tini
1086 3033 1131 3086 est
1142 3028 1173 3085 ln
1187 3027 1245 3084 hac
1257 3026 1424 3101 quaestione
1439 3026 1606 3094 conflictus,
1622 3028 1664 3085 sic
1677 3031 1853 3087 asseverant

1023 3121 1193 3179 animarum
1207 3133 1243 3174 ex
1257 3115 1335 3173 illiue
1347 3116 1435 3173 unius
1447 3117 1630 3175 derivatione
1640 3118 1850 3192 propaginem,

1024 3215 1056 3266 ut
1071 3223 1122 3265 eas
1135 3207 1199 3280 jam
1213 3205 1307 3262 Deum
1331 3210 1440 3279 negent
1454 3205 1562 3275 tacere,
1582 3211 1673 3280 atque
1696 3205 1827 3265 formare
1843 3221 1851 3273 ;

1022 3297 1167 3356 instaneis
1185 3295 1413 3366 redarguendis,
1429 3295 1653 3365 convincendis,
1668 3294 1853 3369 corrigendis

1023 3392 1183 3462 quantum,
1199 3384 1326 3443 Domino
1339 3384 1515 3457 adjurante,
1536 3386 1678 3459 potueris.
1697 3385 1727 3443 Sl
1749 3390 1851 3442 autem

1023 3477 1107 3535 initia
1118 3475 1261 3551 quaedam
1271 3490 1308 3531 ex
1317 3474 1367 3531 illo
1379 3490 1440 3532 uno
1452 3480 1480 3532 et
1494 3474 1636 3549 deinceps
1648 3475 1854 3550 aparentibus

1024 3565 1143 3633 attrahi,
1163 3569 1194 3621 et
1208 3569 1308 3621 tamen
1330 3563 1464 3634 singulas
1483 3564 1513 3620 in
1532 3564 1708 3622 hominibus
1728 3563 1853 3637 singulis

1023 3655 1176 3715 affirmant
1188 3654 1227 3711 ab
1240 3659 1360 3710 auctore
1373 3654 1509 3710 omnium
1521 3670 1621 3712 rerum
1638 3657 1697 3712 lieo
1708 3654 1802 3713 creari
1815 3657 1856 3712 at·

1023 3741 1855 3821 quetormarl;quideisrespondeatur,inquire,deScrip-

1024 3834 1097 3893 turis
1107 3832 1239 3889 maxime
1254 3830 1375 3897 sanctis,
1388 3830 1470 3905 quod
1487 3847 1548 3888 non
1565 3832 1602 3888 sit
1616 3831 1794 3902 ambiguum
1810 3825 1856 3904 (a)

1024 3937 1080 3980 nec
1103 3921 1186 3978 aliter
1205 3919 1301 3994 possit
1323 3918 1456 3991 intelligi.
1478 3924 1536 3977 hut
1548 3920 1572 3977 si
1583 3920 1648 3992 jam
1660 3920 1811 3987 invenisti,
1825 3923 1857 3976 ut

1025 4012 1164 4085 superius
1173 4009 1570 4083 postulavidirigeetnobis.
1579 4010 1696 4078 Quodsi
1708 4009 1854 4077 teudhuc,

1026 4100 1103 4158 sicut
1118 4115 1175 4169 me,
1192 4100 1262 4157 latet
1274 4118 1282 4170 ;
1294 4098 1502 4172 iustaquldem
1516 4101 1660 4157 omnibus
1675 4098 1789 4156 viribus
1802 4114 1855 4157 eos

1026 4189 1191 4256 conlatura,
1205 4189 1257 4263 qui
1271 4188 1375 4246 dicunt
1388 4192 1505 4248 animas
1520 4206 1581 4248 non
1595 4204 1633 4248 ea
1647 4204 1733 4260 opere
1742 4188 1855 4257 diuino,

1026 4280 1110 4354 quod
1124 4294 1176 4337 eos
1190 4277 1290 4335 dixisti
1304 4279 1334 4335 ln
1349 4278 1477 4352 epistola
1493 4286 1541 4337 tua
1558 4280 1656 4353 primu
1670 4280 1751 4336 inter
1763 4293 1857 4336 secre-

141 4381 234 4424 enses
246 4364 288 4439 (h)
305 4363 470 4431 misisti,ltu
482 4378 514 4419 se
525 4361 615 4420 habet
627 4377 634 4416 ε
646 4363 919 4447 Baoro‚lnquit,ut
930 4382 977 4425 me
1029 4368 1115 4426 tiores
1132 4366 1252 4437 tabulas
1273 4382 1486 4435 murmurasse,
1506 4367 1615 4425 deinde
1631 4374 1755 4438 propter·
1774 4368 1853 4424 hanc

144 4456 377 4528 ittiustueetrum
396 4460 486 4526 atque
508 4451 742 4522 annectamus
759 4455 801 4512 ad
815 4456 878 4514 hac
899 4471 977 4529 inps·
1028 4459 1204 4516 sententiam
1223 4457 1346 4514 stultam
1368 4462 1458 4528 atque
1471 4455 1593 4527 impiam
1608 4471 1627 4514 a
1643 4462 1693 4513 tuo
1709 4456 1856 4512 consortio

146 4544 224 4604 teria
243 4558 340 4614 nuper
361 4543 553 4615 proximeque
572 4543 632 4599 Deo
646 4546 773 4613 juvante
800 4546 976 4611 uenientem,
1029 4550 1057 4604 et
1067 4546 1208 4604 Ecclesiae
1221 4547 1341 4602 seruitio
1355 4545 1503 4602 recessisse
1515 4566 1527 4618 ;
1539 4552 1629 4621 atque
1643 4546 1789 4602 adversus
1804 4558 1856 4602 eos

146 4633 325 4709 quadehetis
336 4639 365 4689 et
375 4631 498 4703 dignum
512 4639 563 4698 est,
577 4638 605 4688 et
620 4647 677 4703 qua
686 4633 848 4702 prudentes
857 4650 975 4706 respon·
1030 4634 1172 4692 omnibus
1187 4633 1286 4690 modis
1305 4633 1431 4691 deiende
1455 4640 1484 4691 et
1498 4640 1589 4700 tuere,
1605 4634 1688 4708 quod
1702 4633 1733 4690 in
1748 4633 1856 4692 eadem

147 4723 219 4782 dere
243 4723 379 4780 conuenit
398 4721 573 4788 sacerdotes,
592 4721 807 4791 insomnatione
824 4724 978 4783 doceatis.-
1030 4724 1156 4799 eplstola
1170 4723 1307 4798 posuisti,
1329 4725 1420 4781 Deum
1435 4723 1540 4795 secisse
1553 4723 1680 4789 animas,
1697 4729 1725 4781 et
1741 4724 1856 4796 facere,

146 4818 250 4869 utrum
258 4810 417 4884 mapisitta
424 4810 461 4866 sit
475 4810 600 4867 tenenda
609 4811 827 4885 sententiaque
845 4814 977 4871 animam
1031 4818 1058 4872 et
1067 4815 1221 4884 sucturum
1232 4828 1309 4879 esse,·
1322 4829 1416 4886 neque
1428 4813 1548 4888 aliquid
1557 4829 1617 4871 esse
1631 4814 1663 4870 in
1673 4814 1752 4871 cutis
1765 4811 1857 4870 autin

147 4900 222 4960 dicit
245 4915 307 4959 esse
327 4900 364 4958 de
387 4898 521 4966 traduce,
537 4903 564 4956 et
585 4914 640 4969 per
653 4900 799 4958 occultam
815 4903 977 4976 quamdam
1031 4903 1207 4975 terra,quod
1216 4919 1277 4960 non
1288 4904 1351 4974 ipso
1363 4903 1528 4962 constiterit
1540 4910 1593 4961 aut
1605 4907 1715 4961 constet
1726 4908 1859 4960 auctore.

146 4990 293 5062 originem
308 4988 496 5062 ordinemque
509 4992 652 5047 secretum
668 4989 699 5045 in
719 5005 805 5049 omne
824 4993 978 5050 hominum
1032 4990 1862 5066 flooenlmdeomniomniogenerecreatarmuerissime

147 5095 240 5155 penus
252 5083 374 5138 ceteras
388 5077 505 5136 caunas
515 5092 553 5136 ea
566 5079 640 5136 Adae
652 5081 831 5150 protoplasti
844 5085 979 5154 transsa-
1032 5087 1122 5157 atque
1132 5081 1295 5139 rectissime
1306 5084 1444 5152 creditur,
1458 5081 1575 5149 dicitur,
1587 5079 1765 5147 detenditur,
1779 5093 1861 5135 com·

232 5220 317 5288 Em
332 5222 378 5271 Μ
403 5233 421 5271 n
442 5222 473 5271 20
1031 5171 1187 5247 probatur.
1206 5172 1283 5229 Deus
1306 5174 1387 5231 enim
1401 5178 1507 5230 auctor
1530 5171 1740 5229 universarum
1760 5182 1860 5225 rerum

173 5225 346 5362 &cmm
354 5256 518 5334 plurim
526 5283 772 5360 qffiwmfl„
786 5287 980 5363 4051110,·1›11„·
1032 5261 1252 5362 hominumque
1274 5266 1451 5319 cunctorum
1466 5265 1496 5318 et
1507 5259 1572 5327 luit,
1589 5263 1618 5360 et
1630 5263 1685 5326 est,
1701 5262 1731 5316 et
1744 5256 1862 5315 laturus

148 5346 323 5463 maffia
337 5346 661 5460 3„⁰,·„²„²„{,⁰¹}¹,',¹,‘¹¹}¹,}¹„¹,b¹
680 5349 983 5466 celebeffimunblcegla·
1034 5356 1088 5418 est,
1103 5352 1186 5425 quod
1205 5365 1236 5407 tn
1251 5355 1384 5409 exuema
1404 5356 1456 5409 tua
1476 5350 1515 5409 ad
1530 5363 1727 5424 coepiscopos
1742 5351 1861 5405 nostroe

150 5448 679 5537 scolonisrjuredonata,ejusdemJ‘ussu
704 5428 982 5528 suhcusvvsffsrmffsss
1034 5438 1861 5515 mmmmcffiw⁰⁰⁰⁸i⁸⁰⁰¹¹⁸un⁸¹i⁰n⁰p⁰⁸¹¹i⁸sst⁸¹q¹¹⁰

150 5537 241 5589 liliam
254 5549 320 5587 num
332 5538 455 5599 superest
466 5535 516 5586 sub
528 5536 627 5600 ulgerii
638 5536 757 5595 nomine.
769 5539 808 5589 ati
818 5540 981 5605 qulbusdam

150 5597 547 5734 mamitofflmlahds
556 5599 983 5676 saculiproximepraeteritiiieo·
1035 5600 1227 5717 ¹¹‘lsslaegesis
1240 5603 1286 5654 lib.
1302 5605 1317 5653 2
1332 5603 1471 5656 deanims
1485 5605 1513 5655 et
1528 5602 1587 5668 eius
1607 5598 1723 5668 Origine,
1741 5611 1800 5671 oep.
1816 5596 1877 5664 tt,
