3952 6128
219 125 288 186 {079
857 116 890 180 S.
910 115 1100 178 tueusrtut
1119 114 1287 176 episcopi
1864 116 1927 177 teu

218 252 293 329 quia
303 251 358 311 tibi
369 249 540 324 adhocipse
552 245 872 305 consenseratitamsi
887 260 1045 318 nunquam
1097 243 1133 302 lis
1147 243 1221 318 quid
1236 243 1705 319 acquisiveras,quaudolucrata
1717 245 1825 304 rueras
1836 243 1928 304 neus

219 343 366 403 tenuisses
380 340 445 412 eius
456 351 625 402 assensum,
637 338 816 392 numerustc
831 334 932 392 nullus
944 333 1045 391 delen·
1098 336 1195 401 tuum,
1207 339 1240 391 ut
1251 339 1349 391 tecum
1365 332 1480 393 Christo
1505 336 1655 394 sanctiore
1680 334 1829 395 castitate
1847 335 1931 391 servi-

220 432 313 491 disset
326 424 547 491 annorum,sed
563 422 858 497 postquautumlibet
871 429 1045 496 tempusmc
1097 427 1141 480 ret
1156 421 1304 493 ;intetlige
1319 438 1373 497 per
1393 423 1459 482 illas
1479 422 1690 500 eleemosynas
1718 430 1805 490 tuas,
1824 423 1929 496 quibus

221 519 423 579 consuluisses
451 515 525 572 nihil
550 513 600 570 tibi
630 512 715 570 aliud
732 512 959 585 responderem,
986 511 1044 571 nisi
1098 527 1149 569 cor
1163 511 1228 584 ejus
1239 517 1438 581 eversumest,
1453 519 1569 588 quanto
1579 515 1719 586 graviore
1737 513 1860 570 damno
1871 527 1929 585 pcr-

220 609 302 683 quod
315 608 357 664 ait
369 604 632 679 Apostolusb'cor
642 618 697 659 uon
709 601 1045 675 bubetpctestutemcor·

218 693 525 768 pertrectaremus
533 708 594 766 qua
602 695 747 765 potestate
757 691 798 748 sic
806 691 856 747 tibi
863 691 927 763 jam
937 690 1045 764 parmi·

218 792 298 844 serat
309 784 534 849 continentiam,
547 787 652 838 uteam
659 785 756 837 tecum
765 779 1042 853 etipsesusciperet.

253 897 280 949 l.
295 891 354 950 Sed
369 890 444 948 illud
457 894 502 947 est
515 887 600 962 quod
615 887 717 944 minus
734 891 761 944 le
777 887 958 945 observasse
973 901 1043 944 con·

217 982 328 1050 tristor,
341 980 415 1054 quia
428 976 663 1036 tantohumilius
677 979 707 1033 et
715 975 905 1032 obedientius
918 976 943 1032 ci
956 975 1044 1032 obse-

216 1071 270 1146 qui
284 1071 314 1127 in
341 1067 509 1128 domestica
523 1065 751 1123 conversatione
765 1063 906 1136 debuisti,
928 1068 1043 1137 quanto

215 1161 263 1218 ille
278 1156 503 1231 religiosiuatibi
512 1160 642 1213 remtam
650 1154 887 1225 maguameliam
896 1151 1042 1211 imitando

214 1254 413 1308 concesserat.
429 1250 505 1304 Nom
519 1244 600 1302 enim
614 1244 686 1317 quia
702 1242 813 1316 pariter
829 1241 1049 1317 temperabatis,

215 1337 459 1398 acommixtione
474 1332 671 1397 carnali,idco
685 1336 754 1390 tuus
770 1333 894 1388 maritus
905 1330 1042 1388 essedes-

211 1430 309 1488 titerat
322 1445 330 1496 ;
343 1429 406 1485 imo
420 1427 576 1483 rerotauto
589 1423 725 1480 sanctius
734 1421 811 1478 inter
827 1437 881 1478 vos
896 1421 1041 1493 coniuges

211 1517 390 1583 manebatis,
405 1519 519 1590 quanto
534 1512 685 1570 sanctiora
716 1510 905 1568 concorditer
930 1509 1041 1583 placita

211 1606 389 1664 servabatis.
410 1602 486 1662 Nihil
505 1616 577 1672 crgo
605 1601 643 1657 da
659 1604 710 1657 tua
730 1604 822 1667 veste,
846 1598 921 1656 nihil
934 1598 972 1655 de
987 1603 1040 1657 tuo

211 1711 286 1755 auro
301 1695 350 1752 vel
362 1697 486 1767 argento
501 1690 549 1748 vel
563 1704 757 1764 quacumque
772 1689 912 1761 pecunia,
924 1692 978 1745 aut
996 1703 1041 1745 re.

209 1784 264 1841 bus
284 1783 350 1841 ullis
369 1781 493 1839 terrenis
508 1779 565 1836 tuis
576 1779 639 1837 sine
651 1777 774 1835 arbitrio
789 1777 855 1849 ejus
876 1776 974 1835 iacere
989 1777 1040 1834 de·

206 1873 310 1945 buisti,
325 1888 363 1928 ne
376 1870 595 1929 scandalizares
611 1867 764 1925 hominem
786 1867 838 1941 qui
855 1868 914 1924 Deo
940 1870 1038 1924 tecum

206 1964 323 2037 majora
335 1963 466 2025 voverat,
483 1963 512 2015 et
524 1958 563 2015 ab
582 1972 618 2015 eo
635 1956 719 2030 quod
738 1955 776 2013 de
787 1961 838 2014 tua
853 1971 943 2014 carne
958 1955 1038 2014 licita

205 2056 353 2127 potestate
365 2054 468 2124 posset
487 2047 614 2119 exigere,
631 2046 819 2103 continenter
838 2044 1035 2103 abstinuerat.

242 2165 269 2217 5.
280 2158 414 2231 Denique
426 2156 539 2214 iactum
551 2158 596 2211 est
611 2158 644 2211 ut
655 2152 810 2210 vinculum
834 2153 1034 2223 continentiae,

208 2262 270 2322 quo
285 2261 316 2303 se
326 2243 507 2303 dilectusille
521 2243 707 2306 innexuerat,
715 2241 1037 2313 contemptusabrum·

209 2340 303 2413 peret,
316 2340 344 2392 et
356 2336 448 2392 iratus
458 2332 511 2390 tibi
531 2347 593 2388 uon
609 2333 745 2403 parceret
763 2328 829 2387 sibi.
847 2330 929 2389 Sicut
953 2331 1035 2388 anim

204 2427 278 2485 mihi
293 2424 391 2483 retulit
402 2422 534 2497 perlator
548 2419 682 2493 epistola
700 2423 769 2486 tue,
783 2435 852 2476 cum
875 2419 1036 2490 cognovis-

203 2522 247 2575 set
261 2511 505 2589 quodemniavel
518 2525 595 2583 pene
610 2508 790 2581 omniaque
804 2507 950 2580 habebas,
966 2524 1035 2565 nes·

1097 614 1186 658 cussa
1198 600 1397 675 lucris,quam
1417 608 1488 661 sunt
1517 602 1569 661 illa
1588 602 1686 668 lucra,
1714 618 1787 676 ques
1805 600 1929 660 cmlestis

1097 690 1262 761 cogitabas.
1280 691 1309 747 Si
1322 690 1403 748 enim
1417 691 1555 750 habetibi
1567 707 1718 764 magnum
1730 691 1839 748 locum
1849 691 1928 763 panis

1096 778 1208 836 tractus
1218 779 1368 847 esurienti,
1385 787 1534 854 quantum
1549 780 1705 839 tocumibi
1721 778 1880 838 credenda
1893 786 1929 838 est

1095 868 1928 945 haberemisericordia,quahomoeripiturdiabolotan·

1095 972 1188 1032 quam
1199 958 1279 1016 leoni
1298 959 1435 1031 rugienti,
1446 965 1474 1017 et
1487 975 1578 1034 quem
1593 960 1721 1019 devoret
1745 959 1927 1033 inquirenti?

1131 1071 1157 1122 7.
1171 1068 1272 1138 Neque
1279 1065 1338 1123 hoc
1344 1065 1384 1122 ita
1391 1065 1528 1134 dicimus,
1542 1071 1574 1124 ut
1583 1068 1610 1125 si
1621 1067 1801 1140 qnisquam
1811 1065 1926 1123 scanda-

1093 1153 1197 1212 lizatus
1213 1154 1300 1211 tuerit
1313 1153 1351 1212 de
1366 1154 1455 1212 bonis
1466 1155 1610 1229 operibus
1626 1156 1754 1222 nostris,
1772 1154 1816 1212 ab
1830 1154 1874 1211 eis
1887 1154 1926 1211 de

1096 1243 1263 1301 sistendum
1276 1248 1430 1316 putemus;
1439 1244 1493 1301 sed
1507 1245 1567 1302 alia
1578 1260 1675 1302 eausa
1688 1248 1736 1301 est
1751 1243 1926 1310 ahenarun,

1094 1331 1368 1390 alianecessarium
1383 1333 1413 1389 iu
1426 1332 1683 1407 societatealiqua
1704 1346 1924 1406 personarum

1094 1419 1153 1477 alia
1167 1419 1341 1486 fidelis,alia
1356 1420 1830 1495 infidelis3aliaparentnmerga
1846 1420 1927 1485 tilios,

1093 1508 1152 1567 alia
1166 1508 1296 1567 liliorum
1305 1524 1377 1581 erga
1392 1516 1531 1583 parentes
1550 1510 1624 1568 :ulia
1637 1515 1927 1584 postremamque

1091 1596 1123 1655 in
1134 1597 1182 1655 his
1196 1598 1286 1656 rebus
1304 1597 1347 1655 rel
1363 1599 1494 1656 maxime
1509 1599 1657 1658 intuenda
1667 1604 1726 1666 est,
1741 1599 1804 1655 viri
1821 1602 1851 1655 et
1864 1613 1925 1655 ιιιο·

1091 1687 1143 1757 ris,
1157 1689 1208 1745 nbi
1219 1687 1374 1746 mulierem
1386 1689 1580 1761 conjugatam
1596 1705 1659 1747 uon
1672 1689 1870 1758 licetdiccre,
1884 1688 1926 1744 Fa·

1091 1775 1137 1834 cio
1149 1776 1234 1851 quod
1246 1775 1315 1834 volo
1329 1775 1367 1833 dc
1383 1793 1473 1845 meo,·
1488 1794 1558 1835 cum
1572 1786 1600 1835 et
1629 1779 1703 1852 ipsa
1717 1793 1785 1836 non
1808 1775 1847 1834 sit
1870 1791 1927 1841 soa,

1090 1865 1145 1922 sed
1160 1865 1266 1938 capitis
1278 1866 1333 1933 sui,
1351 1866 1408 1924 hoc
1421 1871 1466 1936 est
1493 1867 1549 1924 viri
1562 1868 1610 1926 sui
1621 1868 1721 1942 (15ρή.
1733 1884 1765 1937 r,
1780 1867 1845 1939 ²3).
1859 1866 1926 1923 Nun

1089 1954 1132 2013 sic
1146 1956 1291 2028 quadum,
1299 1960 1555 2014 utcemmemorat
1567 1956 1731 2030 apostolus
1741 1959 1863 2024 Petrus,
1871 1971 1923 2011 mu·

1090 2045 1176 2103 tieret
1190 2051 1298 2102 sunctae
1310 2060 1375 2119 quse
1387 2045 1419 2102 iu
1432 2046 1525 2102 Deum
1537 2046 1879 2116 spectanturneecur
1890 2060 1923 2111 se,

1088 2134 1227 2205 subjecta
1237 2135 1298 2192 suis
1305 2133 1917 2208 uses:summraemeqseeeraratruta

1089 2223 1243 2281 domiuum
1251 2238 1316 2280 eunt
1324 2238 1443 2294 uocans,
1454 2224 1765 2298 cuiue,inquit,fuctsc
1773 2226 1846 2283 estis
1857 2225 1918 2293 little

1089 2311 1113 2386 (l
1135 2314 1215 2370 Patr.
1230 2329 1270 2376 ιιι,
1283 2313 1342 2386 tei)
1361 2328 1454 2385 ;cum
1469 2312 1509 2370 ad
1524 2313 1727 2381 Christianus,
1745 2330 1815 2372 non
1829 2314 1868 2372 ad
1878 2316 1918 2370 to·

1088 2401 1172 2459 decas
1181 2400 1307 2459 laminas
1322 2400 1506 2476 loqueretur.

1122 2509 1150 2567 8.
1160 2510 1238 2578 Quid
1250 2515 1352 2568 aulem
1368 2510 1477 2568 mirum
1490 2510 1516 2567 si
1525 2514 1827 2583 patercommuncm
1836 2512 1917 2569 litium

205 2596 1033 2677 cioquibusduobustranseuntibusmonachistanqnam
1087 2598 1210 2656 nolebat
1223 2599 1314 2672 hujus
1329 2601 1395 2657 rite
1409 2600 1620 2658 sustentaculis
1640 2617 1661 2659 a
1688 2606 1794 2660 matre
1811 2601 1917 2668 nudari,

203 2690 389 2766 pauperibus
398 2685 720 2760 erogandadonaveris
736 2686 1033 2753 ;tuncilledetestens
1086 2687 1311 2762 ignoransquid
1323 2693 1490 2746 sectaturus
1501 2694 1674 2757 esset,oum
1686 2691 1719 2748 in
1739 2696 1834 2750 mtate
1844 2707 1918 2762 grur-

204 2797 256 2840 eos
272 2787 382 2847 tecum,
395 2783 425 2835 et
438 2792 500 2834 non
514 2776 563 2833 [tei
577 2790 690 2842 servos,
714 2774 768 2832 sed
793 2775 903 2832 domus
929 2776 1034 2834 aliena
1087 2776 1224 2835 diuscule
1248 2793 1313 2834 esse
1335 2778 1494 2852 coepisset;
1508 2782 1609 2836 utrum
1633 2779 1790 2838 monachi
1818 2779 1917 2854 proles

203 2874 418 2946 penetratores,
434 2870 464 2924 et
480 2870 547 2923 tuos
562 2865 762 2938 captivatores
774 2869 802 2922 et
812 2864 1034 2938 depredatores
1087 2867 1215 2934 sionem,
1230 2882 1270 2924 au
1290 2866 1525 2926 ecclesiasticum
1551 2867 1774 2936 ministerium,
1807 2884 1920 2927 ancon·

203 2963 395 3036 putans,tam
408 2963 547 3016 sanctam
562 2957 713 3014 sarcinam
724 2971 817 3028 quam
828 2960 924 3013 tecum
936 2956 1035 3013 subie-
1086 2956 1198 3029 jugalis
1223 2956 1453 3014 necessitudinis
1470 2957 1623 3016 vinculum
1637 2957 1655 3015 t
1671 2959 1829 3026 Quamvis
1851 2960 1919 3018 euin

204 3056 261 3117 rat,
276 3050 450 3123 indignatus
460 3046 579 3119 abjecit.
595 3045 729 3102 lutirmus
745 3045 825 3101 euim
839 3048 912 3110 erat,
928 3051 956 3102 et
966 3045 1035 3103 ideo
1089 3046 1129 3105 ad
1144 3045 1270 3103 meliora
1289 3046 1438 3104 excitandi
1460 3051 1490 3104 ct
1506 3047 1670 3105 erudiendi
1685 3049 1752 3106 sint
1770 3048 1826 3107 titii
1845 3065 1920 3106 sanc·

205 3141 271 3206 tibi,
286 3154 354 3212 que
368 3138 398 3195 in
414 3135 569 3195 communi
585 3134 742 3207 proposito
755 3133 858 3191 tortior
872 3134 1035 3204 uidebaris,
1089 3140 1199 3201 torum,
1211 3136 1920 3211 unusquisquetamenpropriumdonumhabel

205 3246 268 3288 non
281 3232 344 3287 erat
358 3224 595 3300 presumptione
605 3224 787 3291 turbandus,
807 3223 861 3280 sed
877 3223 1036 3281 dilectione
1090 3241 1109 3282 a
1128 3227 1203 3292 lico;
1215 3224 1290 3282 alius
1300 3225 1353 3292 sic,
1369 3225 1444 3282 alius
1454 3230 1553 3283 autem
1569 3226 1612 3283 sic
1627 3227 1651 3299 (l
1668 3227 1743 3284 Cor.
1764 3246 1814 3296 ιιι,
1827 3227 1921 3301 ithai

206 3317 394 3393 pertundus:
410 3315 484 3389 quia
496 3313 612 3371 etiamsi
624 3313 663 3369 ad
674 3311 1037 3385 ipsascleemosynaslar·
1089 3314 1165 3372 forte
1183 3313 1255 3371 talia
1269 3314 1456 3388 prospiciens
1469 3318 1497 3372 et
1510 3330 1690 3388 praecavens
1705 3319 1923 3392 reprehenden-

206 3409 273 3480 gius
284 3404 438 3464 faciendas
454 3402 530 3459 iorte
552 3401 667 3475 pigrius
683 3400 870 3469 movebatur,
889 3407 994 3474 posset
1008 3405 1038 3459 et
1090 3402 1148 3459 dus
1163 3408 1206 3459 est
1216 3408 1310 3475 pater,
1326 3419 1395 3460 cum
1412 3403 1517 3460 beatus
1534 3405 1702 3476 Apostolus
1717 3406 1807 3465 dicat
1823 3425 1831 3464 ι
1851 3408 1922 3476 oute

206 3498 264 3556 ista
279 3494 460 3560 condiscere,
478 3491 502 3547 si
515 3490 571 3548 tuis
585 3488 748 3563 inopinatis
762 3505 824 3546 non
839 3489 974 3548 feriretur
987 3507 1036 3548 ex·
1090 3491 1157 3566 quie
1170 3498 1268 3549 eurem
1277 3493 1372 3550 suiset
1381 3493 1689 3553 mucimedomcsticis
1702 3512 1767 3553 uon
1785 3497 1921 3568 mauide,

206 3584 319 3659 pensis,
347 3581 398 3639 sed
430 3579 608 3652 exspectetis
624 3577 800 3636 invitaretur
815 3578 975 3651 obsequiis,
1007 3584 1038 3636 ut
1091 3581 1179 3654 fidem
1194 3581 1332 3651 desiccat,
1343 3589 1369 3639 et
1380 3581 1543 3652 estinfldaii
1557 3582 1694 3641 deustos·
1706 3585 1731 3658 (Ι
1753 3587 1836 3644 Tim.
1852 3604 1878 3653 ι,
1890 3588 1921 3658 t).

209 3673 300 3732 etiam
312 3668 463 3744 hocquod
480 3674 590 3726 temere
608 3666 672 3724 sola
692 3665 797 3733 iecisti,
812 3665 907 3723 multo
918 3667 1038 3725 cousul-
1093 3671 1166 3727 Cum
1181 3685 1253 3728 vero
1268 3670 1306 3727 de
1321 3670 1464 3727 iaciendis
1479 3671 1553 3744 ipsis
1568 3671 1782 3747 eleemosynis
1799 3676 1919 3751 loquere

208 3764 270 3822 tius
281 3759 439 3817 dilectione
458 3756 611 3824 concordi,
648 3755 804 3829 multoque
829 3755 996 3814 ordinatius
1011 3761 1039 3815 el
1092 3763 1150 3827 tur,
1170 3760 1212 3817 ait
1226 3772 1232 3812 :
1245 3760 1356 3817 Nerui
1370 3760 1618 3832 utiisrefeetr'osit,
1633 3764 1836 3825 cohercerem
1844 3781 1923 3838 uace-

209 3850 365 3913 honestius
380 3847 470 3907 ambo
493 3846 629 3905 laceretis
651 3861 731 3914 ;nec
755 3844 1040 3917 blasphemarentur

213 3942 289 4000 servi
305 3940 365 4008 Dei,
377 3938 401 3994 si
411 3943 512 3996 tamen
522 3937 580 3994 hoc
593 3935 723 4003 luerunt,
736 3935 788 4009 qui
797 3936 905 3993 marito
915 3936 1040 3994 absente

212 4035 303 4103 atque
318 4027 477 4089 nesciente,
491 4026 530 4083 ab
555 4026 660 4096 ignota
684 4023 809 4082 muliere
832 4030 861 4082 et
884 4025 924 4083 ab
940 4025 1042 4085 aliena

213 4132 307 4176 uxore
335 4119 417 4173 tanis
436 4118 628 4185 sumpserunt
644 4132 651 4182 ;
665 4118 694 4170 et
721 4112 897 4171 laudaretur
912 4114 989 4170 Deus
1010 4114 1040 4171 in

214 4203 357 4278 operibus
369 4199 485 4266 vestris,
499 4215 629 4274 quorum
643 4203 722 4257 esset
743 4204 805 4257 tam
824 4201 885 4258 lida
902 4202 1040 4270 societas,

216 4299 248 4351 ut
263 4289 377 4350 avobis
388 4289 588 4347 communiter
605 4292 763 4360 teneretur,
780 4288 945 4346 noneolum
963 4305 1044 4347 sum·

216 4399 268 4443 ma
292 4380 422 4448 castitas,
444 4393 550 4436 verum
569 4377 660 4435 eliam
675 4377 805 4449 gloriosa
824 4382 998 4452 paupertas.

253 4494 280 4552 t.
291 4484 713 4559 Nuncautemssincousiderata
724 4485 913 4544 testinatione
926 4487 1045 4545 attende

216 4579 291 4654 quid
305 4576 419 4635 laceris.
435 4578 470 4635 Ut
479 4574 561 4632 enim
573 4575 611 4631 de
623 4574 850 4642 illismonachis,
868 4591 886 4632 a
900 4576 1045 4648 quibusle

217 4663 1044 4743 ipsenonoediflcatam,sedspoliatamasseconqueritur,

220 4752 799 4829 egobenesentiammechomiuiproeira
809 4753 962 4810 turbatum
976 4770 1047 4813 ocu.

219 4847 283 4905 lum
292 4843 427 4908 habenti,
436 4841 597 4899 contraitei
610 4840 1045 4902 fortasseiamuloslacilecou-

220 4935 347 4995 senliam
357 4931 766 5005 ;numquidtantumbonum
779 4935 834 5003 cst,
844 4932 1045 5006 quodpaupe·

219 5042 288 5084 rum
312 5036 434 5080 carnem
463 5019 643 5092 largioribus
670 5020 868 5094 eleemosynis
906 5022 1044 5090 refecisti,

219 5117 366 5190 quantum
380 5109 495 5168 malum
510 5112 565 5178 cst,
582 5107 664 5181 quod
679 5109 734 5166 riri
749 5110 792 5167 tui
807 5116 936 5168 mentem
953 5116 1044 5169 atam

219 5202 301 5261 bono
316 5199 469 5275 proposito
482 5196 624 5255 subruisti
636 5198 699 5255 ibn
715 5198 897 5271 cujusquam
911 5200 961 5256 tibi
974 5206 1046 5258 tem-

1093 3849 1150 3906 stic
1166 3849 1201 3921 (ll
1219 3848 1288 3906 Cor.
1309 3865 1366 3914 ιιιι,
1380 3852 1437 3923 lt).
1471 3850 1580 3907 Pariter
1598 3865 1675 3922 ergo
1705 3856 1873 3913 consilium
1894 3854 1923 3910 de

1094 3938 1775 4011 omnibushaberetis,paritarmoderaremioi
1791 3944 1865 4018 quid
1877 3944 1924 4002 the

1095 4026 1312 4085 saurizandum
1327 4034 1403 4084 esset
1416 4027 1448 4085 in
1461 4026 1549 4096 eoelo,
1567 4029 1643 4101 quid
1679 4031 1721 4088 ad
1752 4033 1828 4092 vitas
1849 4034 1924 4105 hujus

1096 4115 1294 4174 sufficentiam
1306 4116 1391 4174 robis
1406 4120 1435 4173 et
1445 4117 1551 4174 vestris
1565 4122 1735 4193 vestroque
1756 4122 1824 4182 tilio
1848 4123 1923 4181 rein·

1097 4203 1264 4278 quendum,
1279 4220 1317 4261 ue
1333 4204 1400 4262 aliis
1417 4208 1493 4262 esset
1508 4204 1642 4275 reiectio,
1657 4207 1753 4265 vobis
1768 4216 1874 4268 autem
1886 4224 1925 4267 ae

1098 4292 1204 4363 gustia.
1221 4295 1254 4349 lit
1266 4292 1296 4349 in
1323 4293 1368 4349 his
1384 4291 1581 4366 disponendis
1606 4296 1703 4368 atque
1733 4297 1925 4363 iaciendisai

1097 4381 1171 4456 quid
1182 4380 1233 4439 tibi
1248 4381 1323 4439 torte
1337 4382 1444 4439 melius
1458 4381 1610 4440 rideretur
1616 4398 1813 4456 suggereres
1828 4391 1927 4447 virere·

1098 4475 1244 4538 verenter,
1259 4469 1456 4544 ejusdemque
1478 4471 1693 4530 auctoritatem
1720 4479 1877 4551 tanquam
1895 4476 1927 4533 tui

1098 4559 1202 4632 capitis
1217 4559 1616 4633 sequererisobedienter;ut
1629 4577 1748 4621 omnes
1764 4568 1822 4641 qui
1832 4580 1927 4625 sanun

1099 4648 1220 4722 sapiunt
1239 4648 1363 4723 adquos
1376 4654 1478 4722 posset
1491 4648 1549 4707 boc
1565 4648 1688 4709 bonnm
1705 4660 1851 4714 vestrum
1862 4656 1929 4714 tama

1099 4737 1239 4812 perterre,
1252 4737 1290 4794 de
1307 4738 1418 4796 domus
1430 4745 1531 4796 sesua
1541 4738 1641 4798 fructu
1664 4758 1703 4799 ac
1738 4760 1823 4818 pace
1838 4745 1930 4819 geum

1099 4831 1175 4897 rent,
1189 4833 1217 4886 et
1231 4828 1798 4892 adversariusrevereturuihilhabens
1809 4837 1848 4894 de
1860 4834 1929 4893 robis

1099 4916 1198 4973 dicare
1213 4915 1305 4989 pravi.

1135 5023 1162 5078 9.
1179 5025 1268 5079 Ροιιο
1282 5023 1306 5078 si
1317 5023 1355 5079 de
1371 5023 1730 5101 iaciendiselcemosynis
1741 5034 1775 5089 et
1785 5031 1819 5089 in
1834 5044 1929 5107 paupe

1099 5127 1148 5169 res
1163 5112 1373 5185 impendendis
1385 5112 1475 5171 rebus
1491 5114 1559 5180 tuis,
1570 5112 1609 5170 de
1622 5131 1690 5188 quo
1710 5116 1804 5179 bono
1815 5124 1929 5196 opereat

1100 5216 1213 5273 magno
1226 5206 1285 5259 tam
1306 5201 1453 5260 evidentia
1465 5209 1613 5276 precepta
1627 5213 1704 5262 sunt
1721 5209 1929 5277 neminisse
1968 5236 1970 5245 ·

216 5291 331 5367 perulis
348 5289 431 5345 salua
450 5287 568 5345 charior
590 5301 657 5344 esse
678 5286 833 5354 debuerat,
847 5304 941 5361 quam
956 5289 1045 5364 hujus
1102 5291 1165 5349 viro
1181 5295 1231 5347 luo
1245 5289 1325 5347 lideli
1337 5297 1366 5348 et
1381 5297 1478 5349 tecum
1499 5298 1604 5349 sancta
1624 5296 1834 5357 continentiae
1856 5303 1929 5375 pacit
1968 5330 1970 5343 ·

219 5385 332 5439 aeterna
344 5380 358 5437 i
371 5379 475 5435 Nonne
494 5376 519 5433 ai
532 5374 709 5448 ampliorem
721 5376 1046 5450 misericordiamcogi-
1101 5379 1409 5436 serranteconsilium
1437 5381 1667 5440 communicare
1692 5384 1843 5459 deberes,
1865 5389 1928 5460 ejus·

221 5468 373 5536 tans‚ideo
387 5466 570 5540 pauperibus
586 5481 633 5522 ras
646 5471 713 5523 tuas
726 5481 850 5536 crepare
865 5466 1045 5535 diffamans
1100 5469 1231 5540 demque
1247 5483 1306 5524 non
1321 5484 1461 5540 spernere
1476 5468 1665 5529 voluntatem
1682 5482 1831 5548 ;quauto
1847 5477 1928 5547 mane

221 5555 439 5615 scandalizatus
454 5555 580 5614 maritus
592 5558 661 5613 tuus
680 5558 739 5613 Deo
754 5555 871 5629 periret,
892 5556 1047 5615 uberiores
1101 5556 1138 5614 de
1152 5556 1255 5615 habitu
1267 5562 1357 5632 alque
1372 5558 1478 5616 vestitu
1493 5557 1565 5616 nihil
1581 5558 1637 5617 tibi
1653 5568 1772 5634 preater
1786 5565 1856 5641 ejus
1865 5565 1928 5625 arbi

220 5644 275 5708 tibi
289 5644 367 5702 Deus
379 5645 585 5720 eleemosynas
595 5644 754 5719 imputaret
767 5645 916 5706 ‘lProiude
930 5646 1046 5707 streco·
1102 5647 1182 5706 rium
1191 5647 1374 5708 mutandum
1393 5647 1437 5708 rel
1450 5648 1666 5723 usurpandum
1679 5650 1759 5728 tuit,
1771 5650 1928 5717 undanihil
