<?xml version="1.0" encoding="UTF-8"?>
<!DOCTYPE html PUBLIC "-//W3C//DTD XHTML 1.0 Transitional//EN"
    "http://www.w3.org/TR/xhtml1/DTD/xhtml1-transitional.dtd">
<html xmlns="http://www.w3.org/1999/xhtml" xml:lang="en" lang="en">
 <head>
  <title>
</title>
<meta http-equiv="Content-Type" content="text/html;charset=utf-8" />
  <meta name='ocr-system' content='tesseract 3.04.00' />
  <meta name='ocr-capabilities' content='ocr_page ocr_carea ocr_par ocr_line ocrx_word'/>
</head>
<body>
  <div class='ocr_page' id='page_1' title='image "./patrologiaecurs05saingoog_0411.png"; bbox 0 0 3952 6128; ppageno 0'>
   <div class='ocr_carea' id='block_1_1' title="bbox 236 152 1949 223">
    <p class='ocr_par' dir='ltr' id='par_1_1' title="bbox 236 152 1949 223">
     <span class='ocr_line' id='line_1_1' title="bbox 236 152 1949 223; baseline 0.005 -9"><span class='ocrx_word' id='word_1_1' title='bbox 236 160 288 223; x_wconf 73' lang='lat'><strong>811</strong></span> <span class='ocrx_word' id='word_1_2' title='bbox 879 152 910 214; x_wconf 91' lang='lat' dir='ltr'><strong>S.</strong></span> <span class='ocrx_word' id='word_1_3' title='bbox 930 152 1123 216; x_wconf 79' lang='lat' dir='ltr'><strong>AUGUSTINI</strong></span> <span class='ocrx_word' id='word_1_4' title='bbox 1146 155 1306 217; x_wconf 85' lang='lat' dir='ltr'><strong>EPlSCOPl</strong></span> <span class='ocrx_word' id='word_1_5' title='bbox 1892 164 1949 223; x_wconf 68' lang='lat'><strong>842</strong></span> 
     </span>
    </p>
   </div>
   <div class='ocr_carea' id='block_1_2' title="bbox 225 282 1951 1428">
    <p class='ocr_par' dir='ltr' id='par_1_2' title="bbox 228 282 1951 982">
     <span class='ocr_line' id='line_1_2' title="bbox 237 282 1951 355; baseline 0 -7"><span class='ocrx_word' id='word_1_6' title='bbox 237 292 327 351; x_wconf 88' lang='lat' dir='ltr'><strong>stabit</strong></span> <span class='ocrx_word' id='word_1_7' title='bbox 341 291 525 349; x_wconf 73' lang='lat' dir='ltr'><strong>Chananeus</strong></span> <span class='ocrx_word' id='word_1_8' title='bbox 541 284 685 343; x_wconf 84' lang='lat' dir='ltr'><strong>adversus</strong></span> <span class='ocrx_word' id='word_1_9' title='bbox 701 282 790 341; x_wconf 91' lang='lat' dir='ltr'><strong>lsrael</strong></span> <span class='ocrx_word' id='word_1_10' title='bbox 803 303 809 353; x_wconf 92' lang='lat'>;</span> <span class='ocrx_word' id='word_1_11' title='bbox 822 299 890 340; x_wconf 91' lang='lat' dir='ltr'><strong>cum</strong></span> <span class='ocrx_word' id='word_1_12' title='bbox 903 282 1063 341; x_wconf 77' lang='lat' dir='ltr'><strong>chananaei</strong></span> <span class='ocrx_word' id='word_1_13' title='bbox 1118 300 1195 354; x_wconf 88' lang='lat' dir='ltr'><strong>rum,</strong></span> <span class='ocrx_word' id='word_1_14' title='bbox 1213 301 1267 341; x_wconf 90' lang='lat' dir='ltr'><strong>nec</strong></span> <span class='ocrx_word' id='word_1_15' title='bbox 1285 286 1439 343; x_wconf 89' lang='lat' dir='ltr'><strong>scientiam</strong></span> <span class='ocrx_word' id='word_1_16' title='bbox 1454 284 1593 342; x_wconf 91' lang='lat' dir='ltr'><strong>omnium</strong></span> <span class='ocrx_word' id='word_1_17' title='bbox 1606 292 1881 355; x_wconf 88' lang='lat' dir='ltr'><strong>sacramentorum,</strong></span> <span class='ocrx_word' id='word_1_18' title='bbox 1893 307 1951 347; x_wconf 87' lang='lat' dir='ltr'><strong>nec</strong></span> 
     </span>
     <span class='ocr_line' id='line_1_3' title="bbox 236 372 1951 447; baseline -0.001 -10"><span class='ocrx_word' id='word_1_19' title='bbox 236 381 391 437; x_wconf 76' lang='lat' dir='ltr'><strong>abstulerit</strong></span> <span class='ocrx_word' id='word_1_20' title='bbox 413 378 532 435; x_wconf 80' lang='lat' dir='ltr'><strong>latiores</strong></span> <span class='ocrx_word' id='word_1_21' title='bbox 555 374 643 432; x_wconf 91' lang='lat' dir='ltr'><strong>israel</strong></span> <span class='ocrx_word' id='word_1_22' title='bbox 662 390 669 441; x_wconf 91' lang='lat'>;</span> <span class='ocrx_word' id='word_1_23' title='bbox 687 373 739 430; x_wconf 88' lang='lat' dir='ltr'><strong>sed</strong></span> <span class='ocrx_word' id='word_1_24' title='bbox 764 373 855 429; x_wconf 89' lang='lat' dir='ltr'><strong>stabit</strong></span> <span class='ocrx_word' id='word_1_25' title='bbox 880 372 1063 429; x_wconf 78' lang='lat' dir='ltr'><strong>Nabuthieus</strong></span> <span class='ocrx_word' id='word_1_26' title='bbox 1117 374 1317 446; x_wconf 80' lang='lat' dir='ltr'><strong>prophetiam,</strong></span> <span class='ocrx_word' id='word_1_27' title='bbox 1333 390 1387 430; x_wconf 89' lang='lat' dir='ltr'><strong>nec</strong></span> <span class='ocrx_word' id='word_1_28' title='bbox 1402 380 1514 431; x_wconf 88' lang='lat' dir='ltr'><strong>tantam</strong></span> <span class='ocrx_word' id='word_1_29' title='bbox 1530 375 1620 431; x_wconf 90' lang='lat' dir='ltr'><strong>tidem</strong></span> <span class='ocrx_word' id='word_1_30' title='bbox 1638 391 1701 447; x_wconf 88' lang='lat' dir='ltr'><strong>qua</strong></span> <span class='ocrx_word' id='word_1_31' title='bbox 1715 384 1837 434; x_wconf 88' lang='lat' dir='ltr'><strong>montes</strong></span> <span class='ocrx_word' id='word_1_32' title='bbox 1852 383 1951 435; x_wconf 86' lang='lat' dir='ltr'><strong>trans·</strong></span> 
     </span>
     <span class='ocr_line' id='line_1_4' title="bbox 235 461 1948 539; baseline -0.001 -13"><span class='ocrx_word' id='word_1_33' title='bbox 235 471 380 526; x_wconf 84' lang='lat' dir='ltr'><strong>adversus</strong></span> <span class='ocrx_word' id='word_1_34' title='bbox 394 465 506 531; x_wconf 81' lang='lat' dir='ltr'>Achab,</span> <span class='ocrx_word' id='word_1_35' title='bbox 516 464 659 539; x_wconf 89' lang='lat' dir='ltr'><strong>quoniam</strong></span> <span class='ocrx_word' id='word_1_36' title='bbox 672 461 1062 519; x_wconf 81' lang='lat' dir='ltr'><strong>iaboresh&#39;abuthoeiabstu·</strong></span> <span class='ocrx_word' id='word_1_37' title='bbox 1116 462 1258 530; x_wconf 88' lang='lat' dir='ltr'><strong>ferantur,</strong></span> <span class='ocrx_word' id='word_1_38' title='bbox 1274 480 1329 519; x_wconf 89' lang='lat' dir='ltr'><strong>nec</strong></span> <span class='ocrx_word' id='word_1_39' title='bbox 1339 465 1443 520; x_wconf 90' lang='lat' dir='ltr'><strong>omnia</strong></span> <span class='ocrx_word' id='word_1_40' title='bbox 1454 481 1522 536; x_wconf 73' lang='lat' dir='ltr'><strong>que</strong></span> <span class='ocrx_word' id='word_1_41' title='bbox 1535 464 1665 534; x_wconf 80' lang='lat' dir='ltr'><strong>possidet</strong></span> <span class='ocrx_word' id='word_1_42' title='bbox 1679 466 1772 521; x_wconf 87' lang='lat' dir='ltr'><strong>borno</strong></span> <span class='ocrx_word' id='word_1_43' title='bbox 1786 466 1948 526; x_wconf 87' lang='lat' dir='ltr'><strong>distributa</strong></span> 
     </span>
     <span class='ocr_line' id='line_1_5' title="bbox 233 551 1946 628; baseline -0.001 -14"><span class='ocrx_word' id='word_1_44' title='bbox 233 558 266 614; x_wconf 90' lang='lat' dir='ltr'><strong>lit</strong></span> <span class='ocrx_word' id='word_1_45' title='bbox 279 556 382 612; x_wconf 82' lang='lat' dir='ltr'><strong>Achab</strong></span> <span class='ocrx_word' id='word_1_46' title='bbox 395 573 402 610; x_wconf 91' lang='lat'>:</span> <span class='ocrx_word' id='word_1_47' title='bbox 415 556 603 613; x_wconf 68' lang='lat' dir='ltr'><strong>Chananeus</strong></span> <span class='ocrx_word' id='word_1_48' title='bbox 615 553 728 626; x_wconf 91' lang='lat' dir='ltr'><strong>quippe</strong></span> <span class='ocrx_word' id='word_1_49' title='bbox 741 552 862 623; x_wconf 89' lang='lat' dir='ltr'><strong>impius,</strong></span> <span class='ocrx_word' id='word_1_50' title='bbox 879 551 1062 607; x_wconf 84' lang='lat' dir='ltr'><strong>Nabuthoeus</strong></span> <span class='ocrx_word' id='word_1_51' title='bbox 1115 553 1307 623; x_wconf 87' lang='lat' dir='ltr'><strong>pauperibus,</strong></span> <span class='ocrx_word' id='word_1_52' title='bbox 1322 569 1376 609; x_wconf 90' lang='lat' dir='ltr'><strong>nec</strong></span> <span class='ocrx_word' id='word_1_53' title='bbox 1389 554 1523 626; x_wconf 91' lang='lat' dir='ltr'><strong>corporis</strong></span> <span class='ocrx_word' id='word_1_54' title='bbox 1533 554 1690 621; x_wconf 86' lang='lat' dir='ltr'><strong>inignibus</strong></span> <span class='ocrx_word' id='word_1_55' title='bbox 1698 558 1871 624; x_wconf 89' lang='lat' dir='ltr'><strong>passionem</strong></span> <span class='ocrx_word' id='word_1_56' title='bbox 1883 572 1946 628; x_wconf 89' lang='lat' dir='ltr'><strong>pro·</strong></span> 
     </span>
     <span class='ocr_line' id='line_1_6' title="bbox 230 639 1945 718; baseline 0 -16"><span class='ocrx_word' id='word_1_57' title='bbox 230 646 340 718; x_wconf 85' lang='lat' dir='ltr'><strong>justus.</strong></span> <span class='ocrx_word' id='word_1_58' title='bbox 355 644 466 701; x_wconf 82' lang='lat' dir='ltr'><strong>Eodem</strong></span> <span class='ocrx_word' id='word_1_59' title='bbox 475 643 576 709; x_wconf 92' lang='lat' dir='ltr'><strong>modo,</strong></span> <span class='ocrx_word' id='word_1_60' title='bbox 592 657 654 698; x_wconf 90' lang='lat' dir='ltr'><strong>non</strong></span> <span class='ocrx_word' id='word_1_61' title='bbox 664 640 900 711; x_wconf 85' lang='lat' dir='ltr'><strong>stabitpaganus</strong></span> <span class='ocrx_word' id='word_1_62' title='bbox 913 639 1061 695; x_wconf 86' lang='lat' dir='ltr'><strong>adversus</strong></span> <span class='ocrx_word' id='word_1_63' title='bbox 1114 640 1199 697; x_wconf 88' lang='lat' dir='ltr'><strong>desse</strong></span> <span class='ocrx_word' id='word_1_64' title='bbox 1212 641 1327 714; x_wconf 88' lang='lat' dir='ltr'><strong>aliquid</strong></span> <span class='ocrx_word' id='word_1_65' title='bbox 1341 643 1500 715; x_wconf 74' lang='lat' dir='ltr'><strong>Apostolus</strong></span> <span class='ocrx_word' id='word_1_66' title='bbox 1517 643 1599 699; x_wconf 92' lang='lat' dir='ltr'><strong>testis</strong></span> <span class='ocrx_word' id='word_1_67' title='bbox 1611 650 1657 698; x_wconf 89' lang='lat' dir='ltr'><strong>est</strong></span> <span class='ocrx_word' id='word_1_68' title='bbox 1672 644 1693 705; x_wconf 88' lang='lat' dir='ltr'><strong>tf</strong></span> <span class='ocrx_word' id='word_1_69' title='bbox 1710 644 1776 700; x_wconf 83' lang='lat' dir='ltr'><strong>Cor.</strong></span> <span class='ocrx_word' id='word_1_70' title='bbox 1790 661 1854 710; x_wconf 81' lang='lat' dir='ltr'><strong>xru,</strong></span> <span class='ocrx_word' id='word_1_71' title='bbox 1872 650 1945 709; x_wconf 70' lang='lat' dir='ltr'><strong>idi:</strong></span> 
     </span>
     <span class='ocr_line' id='line_1_7' title="bbox 231 726 1947 806; baseline -0.001 -16"><span class='ocrx_word' id='word_1_72' title='bbox 231 730 742 806; x_wconf 87' lang='lat' dir='ltr'><strong>christianumquiabstulitlabores</strong></span> <span class='ocrx_word' id='word_1_73' title='bbox 750 730 774 799; x_wconf 87' lang='lat' dir='ltr'><strong>ej</strong></span> <span class='ocrx_word' id='word_1_74' title='bbox 781 746 824 795; x_wconf 90' lang='lat' dir='ltr'><strong>us,</strong></span> <span class='ocrx_word' id='word_1_75' title='bbox 838 726 1060 801; x_wconf 89' lang='lat' dir='ltr'><strong>quandoidoio·</strong></span> <span class='ocrx_word' id='word_1_76' title='bbox 1114 728 1171 785; x_wconf 92' lang='lat' dir='ltr'><strong>hoc</strong></span> <span class='ocrx_word' id='word_1_77' title='bbox 1185 744 1257 798; x_wconf 85' lang='lat' dir='ltr'><strong>ergo</strong></span> <span class='ocrx_word' id='word_1_78' title='bbox 1273 736 1334 787; x_wconf 91' lang='lat' dir='ltr'><strong>tam</strong></span> <span class='ocrx_word' id='word_1_79' title='bbox 1346 747 1492 804; x_wconf 86' lang='lat' dir='ltr'><strong>magnum</strong></span> <span class='ocrx_word' id='word_1_80' title='bbox 1502 735 1627 795; x_wconf 87' lang='lat' dir='ltr'><strong>bonum,</strong></span> <span class='ocrx_word' id='word_1_81' title='bbox 1642 733 1666 786; x_wconf 87' lang='lat' dir='ltr'><strong>si</strong></span> <span class='ocrx_word' id='word_1_82' title='bbox 1680 748 1811 804; x_wconf 86' lang='lat' dir='ltr'><strong>parvum</strong></span> <span class='ocrx_word' id='word_1_83' title='bbox 1828 735 1874 789; x_wconf 84' lang='lat' dir='ltr'><strong>uel</strong></span> <span class='ocrx_word' id='word_1_84' title='bbox 1885 735 1947 790; x_wconf 90' lang='lat' dir='ltr'><strong>nul·</strong></span> 
     </span>
     <span class='ocr_line' id='line_1_8' title="bbox 228 815 1946 896; baseline 0.001 -17"><span class='ocrx_word' id='word_1_85' title='bbox 228 837 297 879; x_wconf 86' lang='lat' dir='ltr'><strong>rum</strong></span> <span class='ocrx_word' id='word_1_86' title='bbox 312 822 477 896; x_wconf 85' lang='lat' dir='ltr'><strong>exspoliata</strong></span> <span class='ocrx_word' id='word_1_87' title='bbox 493 819 538 877; x_wconf 86' lang='lat' dir='ltr'><strong>vel</strong></span> <span class='ocrx_word' id='word_1_88' title='bbox 550 819 665 875; x_wconf 89' lang='lat' dir='ltr'><strong>diruta¹</strong></span> <span class='ocrx_word' id='word_1_89' title='bbox 682 822 753 873; x_wconf 92' lang='lat' dir='ltr'><strong>sunt</strong></span> <span class='ocrx_word' id='word_1_90' title='bbox 766 816 893 889; x_wconf 83' lang='lat' dir='ltr'><strong>templa3</strong></span> <span class='ocrx_word' id='word_1_91' title='bbox 907 816 959 872; x_wconf 87' lang='lat' dir='ltr'><strong>sed</strong></span> <span class='ocrx_word' id='word_1_92' title='bbox 970 815 1058 871; x_wconf 89' lang='lat' dir='ltr'><strong>stabit</strong></span> <span class='ocrx_word' id='word_1_93' title='bbox 1113 818 1174 874; x_wconf 92' lang='lat' dir='ltr'><strong>ium</strong></span> <span class='ocrx_word' id='word_1_94' title='bbox 1188 819 1312 890; x_wconf 83' lang='lat' dir='ltr'><strong>putatis,</strong></span> <span class='ocrx_word' id='word_1_95' title='bbox 1328 821 1434 877; x_wconf 90' lang='lat' dir='ltr'><strong>merito</strong></span> <span class='ocrx_word' id='word_1_96' title='bbox 1445 821 1598 877; x_wconf 80' lang='lat' dir='ltr'><strong>infeliciter</strong></span> <span class='ocrx_word' id='word_1_97' title='bbox 1609 823 1732 888; x_wconf 88' lang='lat' dir='ltr'><strong>erratis;</strong></span> <span class='ocrx_word' id='word_1_98' title='bbox 1751 823 1862 880; x_wconf 88' lang='lat' dir='ltr'><strong>merito</strong></span> <span class='ocrx_word' id='word_1_99' title='bbox 1877 825 1902 878; x_wconf 89' lang='lat' dir='ltr'><strong>si</strong></span> <span class='ocrx_word' id='word_1_100' title='bbox 1916 826 1946 881; x_wconf 89' lang='lat' dir='ltr'><strong>in</strong></span> 
     </span>
     <span class='ocr_line' id='line_1_9' title="bbox 230 904 1816 982; baseline -0.003 -13"><span class='ocrx_word' id='word_1_101' title='bbox 230 911 565 969; x_wconf 88' lang='lat' dir='ltr'><strong>christianusadversus</strong></span> <span class='ocrx_word' id='word_1_102' title='bbox 575 923 729 982; x_wconf 83' lang='lat' dir='ltr'><strong>paganum</strong></span> <span class='ocrx_word' id='word_1_103' title='bbox 744 907 796 978; x_wconf 91' lang='lat' dir='ltr'><strong>qui</strong></span> <span class='ocrx_word' id='word_1_104' title='bbox 804 905 923 961; x_wconf 88' lang='lat' dir='ltr'><strong>abstulit</strong></span> <span class='ocrx_word' id='word_1_105' title='bbox 935 904 1055 963; x_wconf 87' lang='lat' dir='ltr'><strong>labores</strong></span> <span class='ocrx_word' id='word_1_106' title='bbox 1112 908 1254 963; x_wconf 85' lang='lat' dir='ltr'><strong>unitatem</strong></span> <span class='ocrx_word' id='word_1_107' title='bbox 1269 909 1448 965; x_wconf 72' lang='lat' dir='ltr'><strong>catholicam</strong></span> <span class='ocrx_word' id='word_1_108' title='bbox 1464 925 1524 966; x_wconf 91' lang='lat' dir='ltr'><strong>uon</strong></span> <span class='ocrx_word' id='word_1_109' title='bbox 1542 911 1681 976; x_wconf 84' lang='lat' dir='ltr'><strong>transitis,</strong></span> <span class='ocrx_word' id='word_1_110' title='bbox 1700 912 1816 982; x_wconf 86' lang='lat' dir='ltr'><strong>peritis.</strong></span> 
     </span>
    </p>

    <p class='ocr_par' dir='ltr' id='par_1_3' title="bbox 225 995 1945 1428">
     <span class='ocr_line' id='line_1_10' title="bbox 228 995 1945 1076; baseline -0.001 -16"><span class='ocrx_word' id='word_1_111' title='bbox 228 1002 305 1076; x_wconf 88' lang='lat' dir='ltr'><strong>ejus,</strong></span> <span class='ocrx_word' id='word_1_112' title='bbox 322 1002 446 1075; x_wconf 88' lang='lat' dir='ltr'><strong>quando</strong></span> <span class='ocrx_word' id='word_1_113' title='bbox 461 1005 629 1070; x_wconf 91' lang='lat' dir='ltr'><strong>martyrum</strong></span> <span class='ocrx_word' id='word_1_114' title='bbox 644 1001 735 1053; x_wconf 86' lang='lat' dir='ltr'><strong>strata</strong></span> <span class='ocrx_word' id='word_1_115' title='bbox 759 1000 828 1050; x_wconf 92' lang='lat' dir='ltr'><strong>sunt</strong></span> <span class='ocrx_word' id='word_1_116' title='bbox 853 1010 990 1064; x_wconf 88' lang='lat' dir='ltr'><strong>corpora.</strong></span> <span class='ocrx_word' id='word_1_117' title='bbox 1009 995 1057 1050; x_wconf 89' lang='lat' dir='ltr'><strong>Sic</strong></span> <span class='ocrx_word' id='word_1_118' title='bbox 1147 1000 1192 1053; x_wconf 74' lang='lat'><strong>44.</strong></span> <span class='ocrx_word' id='word_1_119' title='bbox 1208 998 1235 1053; x_wconf 90' lang='lat' dir='ltr'><strong>Si</strong></span> <span class='ocrx_word' id='word_1_120' title='bbox 1251 1014 1332 1067; x_wconf 85' lang='lat' dir='ltr'><strong>ergo,</strong></span> <span class='ocrx_word' id='word_1_121' title='bbox 1347 999 1495 1071; x_wconf 84' lang='lat' dir='ltr'><strong>inquiunt,</strong></span> <span class='ocrx_word' id='word_1_122' title='bbox 1510 1005 1625 1071; x_wconf 91' lang='lat' dir='ltr'><strong>oportet</strong></span> <span class='ocrx_word' id='word_1_123' title='bbox 1639 1005 1671 1055; x_wconf 91' lang='lat' dir='ltr'><strong>ut</strong></span> <span class='ocrx_word' id='word_1_124' title='bbox 1683 1016 1739 1055; x_wconf 89' lang='lat' dir='ltr'><strong>uos</strong></span> <span class='ocrx_word' id='word_1_125' title='bbox 1752 1001 1945 1058; x_wconf 81' lang='lat' dir='ltr'><strong>extraEccle·</strong></span> 
     </span>
     <span class='ocr_line' id='line_1_11' title="bbox 228 1083 1945 1162; baseline -0.002 -13"><span class='ocrx_word' id='word_1_126' title='bbox 228 1108 310 1162; x_wconf 83' lang='lat' dir='ltr'><strong>ergo,</strong></span> <span class='ocrx_word' id='word_1_127' title='bbox 323 1106 384 1148; x_wconf 90' lang='lat' dir='ltr'><strong>nou</strong></span> <span class='ocrx_word' id='word_1_128' title='bbox 394 1090 481 1146; x_wconf 91' lang='lat' dir='ltr'><strong>stabit</strong></span> <span class='ocrx_word' id='word_1_129' title='bbox 491 1087 647 1145; x_wconf 81' lang='lat' dir='ltr'><strong>haereticus</strong></span> <span class='ocrx_word' id='word_1_130' title='bbox 659 1085 803 1142; x_wconf 86' lang='lat' dir='ltr'><strong>adversus</strong></span> <span class='ocrx_word' id='word_1_131' title='bbox 816 1084 1057 1156; x_wconf 90' lang='lat' dir='ltr'><strong>catholicumqui</strong></span> <span class='ocrx_word' id='word_1_132' title='bbox 1110 1083 1185 1140; x_wconf 86' lang='lat' dir='ltr'><strong>siam</strong></span> <span class='ocrx_word' id='word_1_133' title='bbox 1197 1091 1224 1141; x_wconf 89' lang='lat' dir='ltr'><strong>et</strong></span> <span class='ocrx_word' id='word_1_134' title='bbox 1234 1086 1379 1142; x_wconf 85' lang='lat' dir='ltr'><strong>adversus</strong></span> <span class='ocrx_word' id='word_1_135' title='bbox 1390 1087 1550 1144; x_wconf 84' lang='lat' dir='ltr'><strong>Ecclesiam</strong></span> <span class='ocrx_word' id='word_1_136' title='bbox 1562 1087 1653 1144; x_wconf 85' lang='lat' dir='ltr'><strong>fuisse</strong></span> <span class='ocrx_word' id='word_1_137' title='bbox 1665 1089 1824 1158; x_wconf 80' lang='lat' dir='ltr'><strong>prerriteat,</strong></span> <span class='ocrx_word' id='word_1_138' title='bbox 1834 1091 1945 1147; x_wconf 84' lang='lat' dir='ltr'><strong>utsalsi</strong></span> 
     </span>
     <span class='ocr_line' id='line_1_12' title="bbox 226 1173 1943 1249; baseline -0.001 -12"><span class='ocrx_word' id='word_1_139' title='bbox 226 1180 349 1237; x_wconf 87' lang='lat' dir='ltr'><strong>abstulit</strong></span> <span class='ocrx_word' id='word_1_140' title='bbox 363 1179 479 1236; x_wconf 87' lang='lat' dir='ltr'><strong>labores</strong></span> <span class='ocrx_word' id='word_1_141' title='bbox 496 1178 570 1248; x_wconf 85' lang='lat' dir='ltr'><strong>ejus,</strong></span> <span class='ocrx_word' id='word_1_142' title='bbox 596 1174 719 1248; x_wconf 87' lang='lat' dir='ltr'><strong>quaudo</strong></span> <span class='ocrx_word' id='word_1_143' title='bbox 736 1173 955 1245; x_wconf 78' lang='lat' dir='ltr'><strong>praevaluerunt</strong></span> <span class='ocrx_word' id='word_1_144' title='bbox 975 1173 1056 1241; x_wconf 85' lang='lat' dir='ltr'><strong>leges</strong></span> <span class='ocrx_word' id='word_1_145' title='bbox 1110 1189 1174 1228; x_wconf 88' lang='lat' dir='ltr'><strong>esse</strong></span> <span class='ocrx_word' id='word_1_146' title='bbox 1188 1175 1354 1245; x_wconf 90' lang='lat' dir='ltr'><strong>possimus;</strong></span> <span class='ocrx_word' id='word_1_147' title='bbox 1371 1177 1526 1247; x_wconf 92' lang='lat' dir='ltr'><strong>quomodo</strong></span> <span class='ocrx_word' id='word_1_148' title='bbox 1540 1183 1606 1248; x_wconf 90' lang='lat' dir='ltr'><strong>post</strong></span> <span class='ocrx_word' id='word_1_149' title='bbox 1622 1177 1710 1233; x_wconf 85' lang='lat' dir='ltr'><strong>istam</strong></span> <span class='ocrx_word' id='word_1_150' title='bbox 1730 1179 1943 1249; x_wconf 73' lang='lat' dir='ltr'><strong>poenitentiam</strong></span> 
     </span>
     <span class='ocr_line' id='line_1_13' title="bbox 227 1261 1943 1338; baseline -0.001 -11"><span class='ocrx_word' id='word_1_151' title='bbox 227 1269 442 1327; x_wconf 88' lang='lat' dir='ltr'><strong>catholicorum</strong></span> <span class='ocrx_word' id='word_1_152' title='bbox 462 1268 698 1338; x_wconf 65' lang='lat' dir='ltr'><strong>imperatorum</strong></span> <span class='ocrx_word' id='word_1_153' title='bbox 715 1263 767 1318; x_wconf 87' lang='lat' dir='ltr'><strong>sed</strong></span> <span class='ocrx_word' id='word_1_154' title='bbox 783 1262 874 1318; x_wconf 92' lang='lat' dir='ltr'><strong>stabit</strong></span> <span class='ocrx_word' id='word_1_155' title='bbox 889 1261 1054 1318; x_wconf 86' lang='lat' dir='ltr'><strong>catholicus</strong></span> <span class='ocrx_word' id='word_1_156' title='bbox 1109 1262 1190 1332; x_wconf 85' lang='lat' dir='ltr'><strong>apud</strong></span> <span class='ocrx_word' id='word_1_157' title='bbox 1207 1280 1257 1317; x_wconf 91' lang='lat' dir='ltr'><strong>vos</strong></span> <span class='ocrx_word' id='word_1_158' title='bbox 1273 1263 1380 1330; x_wconf 90' lang='lat' dir='ltr'><strong>clerici,</strong></span> <span class='ocrx_word' id='word_1_159' title='bbox 1395 1263 1442 1320; x_wconf 84' lang='lat' dir='ltr'><strong>vel</strong></span> <span class='ocrx_word' id='word_1_160' title='bbox 1455 1265 1545 1321; x_wconf 88' lang='lat' dir='ltr'><strong>etiam</strong></span> <span class='ocrx_word' id='word_1_161' title='bbox 1556 1264 1692 1337; x_wconf 89' lang='lat' dir='ltr'><strong>episcopi</strong></span> <span class='ocrx_word' id='word_1_162' title='bbox 1705 1270 1943 1337; x_wconf 80' lang='lat' dir='ltr'><strong>permanemus?</strong></span> 
     </span>
     <span class='ocr_line' id='line_1_14' title="bbox 225 1350 1939 1428; baseline -0.002 -13"><span class='ocrx_word' id='word_1_163' title='bbox 225 1358 372 1416; x_wconf 86' lang='lat' dir='ltr'><strong>adversus</strong></span> <span class='ocrx_word' id='word_1_164' title='bbox 382 1350 1054 1428; x_wconf 79' lang='lat' dir='ltr'><strong>haereticumquiabstufillaboresejus‚quan·</strong></span> <span class='ocrx_word' id='word_1_165' title='bbox 1109 1352 1233 1406; x_wconf 90' lang='lat' dir='ltr'><strong>lfocnon</strong></span> <span class='ocrx_word' id='word_1_166' title='bbox 1242 1353 1333 1418; x_wconf 89' lang='lat' dir='ltr'><strong>fleret,</strong></span> <span class='ocrx_word' id='word_1_167' title='bbox 1345 1354 1491 1425; x_wconf 91' lang='lat' dir='ltr'><strong>quoniam</strong></span> <span class='ocrx_word' id='word_1_168' title='bbox 1502 1370 1616 1417; x_wconf 82' lang='lat' dir='ltr'><strong>revera,</strong></span> <span class='ocrx_word' id='word_1_169' title='bbox 1626 1356 1707 1427; x_wconf 88' lang='lat' dir='ltr'><strong>quod</strong></span> <span class='ocrx_word' id='word_1_170' title='bbox 1715 1356 1878 1412; x_wconf 87' lang='lat' dir='ltr'><strong>fatendum</strong></span> <span class='ocrx_word' id='word_1_171' title='bbox 1890 1363 1939 1423; x_wconf 90' lang='lat' dir='ltr'><strong>est,</strong></span> 
     </span>
    </p>
   </div>
   <div class='ocr_carea' id='block_1_3' title="bbox 180 1438 1941 5617">
    <p class='ocr_par' dir='ltr' id='par_1_4' title="bbox 180 1438 1941 1861">
     <span class='ocr_line' id='line_1_15' title="bbox 180 1438 1941 1518; baseline -0.002 -11"><span class='ocrx_word' id='word_1_172' title='bbox 180 1450 184 1457; x_wconf 85' lang='lat'>&#39;</span> <span class='ocrx_word' id='word_1_173' title='bbox 225 1450 265 1506; x_wconf 95' lang='lat' dir='ltr'><strong>do</strong></span> <span class='ocrx_word' id='word_1_174' title='bbox 286 1448 399 1505; x_wconf 86' lang='lat' dir='ltr'><strong>furores</strong></span> <span class='ocrx_word' id='word_1_175' title='bbox 420 1445 625 1518; x_wconf 76' lang='lat' dir='ltr'><strong>praevalebant</strong></span> <span class='ocrx_word' id='word_1_176' title='bbox 644 1442 807 1515; x_wconf 91' lang='lat' dir='ltr'><strong>impiorum</strong></span> <span class='ocrx_word' id='word_1_177' title='bbox 836 1440 1053 1496; x_wconf 88' lang='lat' dir='ltr'><strong>Circumcellio-</strong></span> <span class='ocrx_word' id='word_1_178' title='bbox 1108 1438 1169 1494; x_wconf 91' lang='lat' dir='ltr'><strong>lieri</strong></span> <span class='ocrx_word' id='word_1_179' title='bbox 1184 1456 1244 1496; x_wconf 91' lang='lat' dir='ltr'><strong>uon</strong></span> <span class='ocrx_word' id='word_1_180' title='bbox 1258 1441 1389 1507; x_wconf 86' lang='lat' dir='ltr'><strong>deberet,</strong></span> <span class='ocrx_word' id='word_1_181' title='bbox 1406 1443 1461 1497; x_wconf 92' lang='lat' dir='ltr'><strong>nisi</strong></span> <span class='ocrx_word' id='word_1_182' title='bbox 1482 1444 1566 1512; x_wconf 88' lang='lat' dir='ltr'><strong>pacis</strong></span> <span class='ocrx_word' id='word_1_183' title='bbox 1580 1444 1677 1515; x_wconf 84' lang='lat' dir='ltr'><strong>ipsius</strong></span> <span class='ocrx_word' id='word_1_184' title='bbox 1691 1448 1941 1517; x_wconf 87' lang='lat' dir='ltr'><strong>compensatione</strong></span> 
     </span>
     <span class='ocr_line' id='line_1_16' title="bbox 225 1529 1050 1609; baseline -0.012 -15"><span class='ocrx_word' id='word_1_185' title='bbox 225 1554 310 1594; x_wconf 88' lang='lat' dir='ltr'><strong>num.</strong></span> <span class='ocrx_word' id='word_1_186' title='bbox 339 1540 404 1609; x_wconf 88' lang='lat' dir='ltr'><strong>ipsa</strong></span> <span class='ocrx_word' id='word_1_187' title='bbox 426 1536 540 1608; x_wconf 86' lang='lat' dir='ltr'><strong>quippe</strong></span> <span class='ocrx_word' id='word_1_188' title='bbox 556 1533 708 1605; x_wconf 86' lang='lat' dir='ltr'><strong>Scriptura</strong></span> <span class='ocrx_word' id='word_1_189' title='bbox 737 1529 824 1587; x_wconf 90' lang='lat' dir='ltr'><strong>solvit</strong></span> <span class='ocrx_word' id='word_1_190' title='bbox 841 1530 1050 1603; x_wconf 72' lang='lat' dir='ltr'><strong>questionem,</strong></span> 
     </span>
     <span class='ocr_line' id='line_1_17' title="bbox 224 1618 1052 1701; baseline -0.008 -18"><span class='ocrx_word' id='word_1_191' title='bbox 224 1642 367 1701; x_wconf 79' lang='lat' dir='ltr'><strong>quianon</strong></span> <span class='ocrx_word' id='word_1_192' title='bbox 384 1624 532 1695; x_wconf 90' lang='lat' dir='ltr'><strong>ait,Tuuc</strong></span> <span class='ocrx_word' id='word_1_193' title='bbox 560 1623 681 1677; x_wconf 89' lang='lat' dir='ltr'><strong>stabunt</strong></span> <span class='ocrx_word' id='word_1_194' title='bbox 706 1621 854 1689; x_wconf 84' lang='lat' dir='ltr'><strong>homines,</strong></span> <span class='ocrx_word' id='word_1_195' title='bbox 884 1618 946 1683; x_wconf 87' lang='lat' dir='ltr'><strong>sed,</strong></span> <span class='ocrx_word' id='word_1_196' title='bbox 969 1619 1052 1676; x_wconf 83' lang='lat' dir='ltr'><strong>Tunc</strong></span> 
     </span>
     <span class='ocr_line' id='line_1_18' title="bbox 224 1708 1051 1785; baseline -0.011 -13"><span class='ocrx_word' id='word_1_197' title='bbox 224 1715 344 1772; x_wconf 82' lang='lat' dir='ltr'><strong>stabunt</strong></span> <span class='ocrx_word' id='word_1_198' title='bbox 354 1715 449 1785; x_wconf 85' lang='lat' dir='ltr'><strong>justi:</strong></span> <span class='ocrx_word' id='word_1_199' title='bbox 464 1717 492 1768; x_wconf 88' lang='lat' dir='ltr'><strong>et</strong></span> <span class='ocrx_word' id='word_1_200' title='bbox 504 1711 571 1768; x_wconf 90' lang='lat' dir='ltr'><strong>idco</strong></span> <span class='ocrx_word' id='word_1_201' title='bbox 580 1711 611 1766; x_wconf 85' lang='lat' dir='ltr'><strong>in</strong></span> <span class='ocrx_word' id='word_1_202' title='bbox 623 1724 734 1779; x_wconf 73' lang='lat' dir='ltr'><strong>ariagne</strong></span> <span class='ocrx_word' id='word_1_203' title='bbox 749 1709 926 1773; x_wconf 84' lang='lat' dir='ltr'><strong>coustantio,</strong></span> <span class='ocrx_word' id='word_1_204' title='bbox 942 1708 1051 1779; x_wconf 90' lang='lat' dir='ltr'><strong>quiain</strong></span> 
     </span>
     <span class='ocr_line' id='line_1_19' title="bbox 222 1802 514 1861; baseline -0.021 0"><span class='ocrx_word' id='word_1_205' title='bbox 222 1804 305 1861; x_wconf 92' lang='lat' dir='ltr'><strong>bona</strong></span> <span class='ocrx_word' id='word_1_206' title='bbox 322 1802 514 1859; x_wconf 88' lang='lat' dir='ltr'><strong>conscientia.</strong></span> 
     </span>
    </p>

    <p class='ocr_par' dir='ltr' id='par_1_5' title="bbox 212 1885 1047 3745">
     <span class='ocr_line' id='line_1_20' title="bbox 257 1885 1047 1960; baseline -0.008 -12"><span class='ocrx_word' id='word_1_207' title='bbox 257 1896 302 1948; x_wconf 75' lang='lat'><strong>42.</strong></span> <span class='ocrx_word' id='word_1_208' title='bbox 315 1894 331 1951; x_wconf 86' lang='lat' dir='ltr'>J</span> <span class='ocrx_word' id='word_1_209' title='bbox 337 1898 422 1947; x_wconf 88' lang='lat' dir='ltr'><strong>ustus</strong></span> <span class='ocrx_word' id='word_1_210' title='bbox 435 1896 536 1947; x_wconf 86' lang='lat' dir='ltr'><strong>autem</strong></span> <span class='ocrx_word' id='word_1_211' title='bbox 546 1889 594 1945; x_wconf 88' lang='lat' dir='ltr'><strong>hic</strong></span> <span class='ocrx_word' id='word_1_212' title='bbox 604 1903 694 1944; x_wconf 91' lang='lat' dir='ltr'><strong>nemo</strong></span> <span class='ocrx_word' id='word_1_213' title='bbox 703 1885 868 1960; x_wconf 87' lang='lat' dir='ltr'><strong>estjuslitia</strong></span> <span class='ocrx_word' id='word_1_214' title='bbox 878 1902 943 1949; x_wconf 87' lang='lat' dir='ltr'><strong>sua,</strong></span> <span class='ocrx_word' id='word_1_215' title='bbox 952 1885 981 1941; x_wconf 93' lang='lat' dir='ltr'><strong>id</strong></span> <span class='ocrx_word' id='word_1_216' title='bbox 992 1890 1047 1953; x_wconf 89' lang='lat' dir='ltr'><strong>est,</strong></span> 
     </span>
     <span class='ocr_line' id='line_1_21' title="bbox 222 1975 1047 2055; baseline -0.012 -16"><span class='ocrx_word' id='word_1_217' title='bbox 222 1980 430 2055; x_wconf 83' lang='lat' dir='ltr'><strong>tanquamsibi</strong></span> <span class='ocrx_word' id='word_1_218' title='bbox 439 1979 561 2052; x_wconf 88' lang='lat' dir='ltr'><strong>aseipso</strong></span> <span class='ocrx_word' id='word_1_219' title='bbox 576 1978 653 2034; x_wconf 86' lang='lat' dir='ltr'><strong>facta</strong></span> <span class='ocrx_word' id='word_1_220' title='bbox 665 1994 672 2043; x_wconf 90' lang='lat'>;</span> <span class='ocrx_word' id='word_1_221' title='bbox 685 1977 748 2043; x_wconf 90' lang='lat' dir='ltr'><strong>sed,</strong></span> <span class='ocrx_word' id='word_1_222' title='bbox 758 1982 789 2031; x_wconf 94' lang='lat' dir='ltr'><strong>ut</strong></span> <span class='ocrx_word' id='word_1_223' title='bbox 798 1975 1047 2047; x_wconf 74' lang='lat' dir='ltr'><strong>dicithposloluS,</strong></span> 
     </span>
     <span class='ocr_line' id='line_1_22' title="bbox 219 2063 1045 2141; baseline -0.011 -14"><span class='ocrx_word' id='word_1_224' title='bbox 219 2071 303 2128; x_wconf 86' lang='lat' dir='ltr'><strong>Sicut</strong></span> <span class='ocrx_word' id='word_1_225' title='bbox 318 2070 477 2141; x_wconf 84' lang='lat' dir='ltr'><strong>unicuique</strong></span> <span class='ocrx_word' id='word_1_226' title='bbox 494 2070 569 2124; x_wconf 86' lang='lat' dir='ltr'><strong>Deus</strong></span> <span class='ocrx_word' id='word_1_227' title='bbox 583 2066 711 2136; x_wconf 84' lang='lat' dir='ltr'><strong>partitus</strong></span> <span class='ocrx_word' id='word_1_228' title='bbox 727 2073 767 2121; x_wconf 86' lang='lat' dir='ltr'><strong>est</strong></span> <span class='ocrx_word' id='word_1_229' title='bbox 782 2080 952 2121; x_wconf 85' lang='lat' dir='ltr'><strong>mensurum</strong></span> <span class='ocrx_word' id='word_1_230' title='bbox 966 2063 1045 2132; x_wconf 61' lang='lat' dir='ltr'><strong>tide.</strong></span> 
     </span>
     <span class='ocr_line' id='line_1_23' title="bbox 219 2153 1047 2233; baseline -0.008 -17"><span class='ocrx_word' id='word_1_231' title='bbox 219 2158 360 2233; x_wconf 86' lang='lat' dir='ltr'><strong>Sequitur</strong></span> <span class='ocrx_word' id='word_1_232' title='bbox 376 2162 512 2215; x_wconf 78' lang='lat' dir='ltr'><strong>autemst</strong></span> <span class='ocrx_word' id='word_1_233' title='bbox 523 2157 661 2228; x_wconf 89' lang='lat' dir='ltr'><strong>adjungit</strong></span> <span class='ocrx_word' id='word_1_234' title='bbox 673 2173 679 2211; x_wconf 95' lang='lat'>:</span> <span class='ocrx_word' id='word_1_235' title='bbox 691 2156 859 2213; x_wconf 84' lang='lat' dir='ltr'><strong>Sicuteuim</strong></span> <span class='ocrx_word' id='word_1_236' title='bbox 877 2153 906 2209; x_wconf 83' lang='lat' dir='ltr'><strong>iu</strong></span> <span class='ocrx_word' id='word_1_237' title='bbox 920 2168 1047 2209; x_wconf 75' lang='lat' dir='ltr'><strong>orzocor·</strong></span> 
     </span>
     <span class='ocr_line' id='line_1_24' title="bbox 217 2243 1046 2319; baseline -0.011 -12"><span class='ocrx_word' id='word_1_238' title='bbox 217 2250 391 2319; x_wconf 77' lang='lat' dir='ltr'><strong>praemulta</strong></span> <span class='ocrx_word' id='word_1_239' title='bbox 403 2245 799 2309; x_wconf 73' lang='lat' dir='ltr'><strong>rriembratuiemus‚omniu</strong></span> <span class='ocrx_word' id='word_1_240' title='bbox 810 2247 906 2299; x_wconf 85' lang='lat' dir='ltr'><strong>auteur</strong></span> <span class='ocrx_word' id='word_1_241' title='bbox 914 2243 1046 2298; x_wconf 73' lang='lat' dir='ltr'><strong>menstra</strong></span> 
     </span>
     <span class='ocr_line' id='line_1_25' title="bbox 218 2332 1045 2401; baseline -0.011 -5"><span class='ocrx_word' id='word_1_242' title='bbox 218 2356 278 2396; x_wconf 82' lang='lat' dir='ltr'><strong>aon</strong></span> <span class='ocrx_word' id='word_1_243' title='bbox 291 2338 421 2396; x_wconf 84' lang='lat' dir='ltr'><strong>cumdem</strong></span> <span class='ocrx_word' id='word_1_244' title='bbox 434 2343 533 2393; x_wconf 86' lang='lat' dir='ltr'><strong>ocium</strong></span> <span class='ocrx_word' id='word_1_245' title='bbox 546 2335 670 2393; x_wconf 80' lang='lat' dir='ltr'><strong>iubeat:</strong></span> <span class='ocrx_word' id='word_1_246' title='bbox 679 2334 719 2389; x_wconf 87' lang='lat' dir='ltr'><strong>itu</strong></span> <span class='ocrx_word' id='word_1_247' title='bbox 733 2332 821 2389; x_wconf 80' lang='lat' dir='ltr'><strong>inulti</strong></span> <span class='ocrx_word' id='word_1_248' title='bbox 832 2348 923 2388; x_wconf 78' lang='lat' dir='ltr'><strong>riuum</strong></span> <span class='ocrx_word' id='word_1_249' title='bbox 937 2347 1045 2401; x_wconf 82' lang='lat' dir='ltr'><strong>corpas</strong></span> 
     </span>
     <span class='ocr_line' id='line_1_26' title="bbox 217 2419 1045 2494; baseline -0.011 -9"><span class='ocrx_word' id='word_1_250' title='bbox 217 2443 319 2485; x_wconf 80' lang='lat' dir='ltr'><strong>auarus</strong></span> <span class='ocrx_word' id='word_1_251' title='bbox 334 2426 365 2482; x_wconf 85' lang='lat' dir='ltr'><strong>iu</strong></span> <span class='ocrx_word' id='word_1_252' title='bbox 381 2424 496 2481; x_wconf 84' lang='lat' dir='ltr'><strong>Christo</strong></span> <span class='ocrx_word' id='word_1_253' title='bbox 509 2426 603 2494; x_wconf 79' lang='lat' dir='ltr'><strong>(flora.</strong></span> <span class='ocrx_word' id='word_1_254' title='bbox 616 2440 664 2487; x_wconf 76' lang='lat' dir='ltr'><strong>an,</strong></span> <span class='ocrx_word' id='word_1_255' title='bbox 681 2426 747 2485; x_wconf 78' lang='grc'>3-5).</span> <span class='ocrx_word' id='word_1_256' title='bbox 763 2420 804 2476; x_wconf 83' lang='lat' dir='ltr'><strong>hc</strong></span> <span class='ocrx_word' id='word_1_257' title='bbox 818 2436 870 2492; x_wconf 90' lang='lat' dir='ltr'><strong>per</strong></span> <span class='ocrx_word' id='word_1_258' title='bbox 881 2419 939 2475; x_wconf 92' lang='lat' dir='ltr'><strong>hoc</strong></span> <span class='ocrx_word' id='word_1_259' title='bbox 955 2435 1045 2476; x_wconf 89' lang='lat' dir='ltr'><strong>nemo</strong></span> 
     </span>
     <span class='ocr_line' id='line_1_27' title="bbox 217 2507 1044 2588; baseline -0.011 -17"><span class='ocrx_word' id='word_1_260' title='bbox 217 2521 393 2588; x_wconf 86' lang='lat' dir='ltr'><strong>potestesse</strong></span> <span class='ocrx_word' id='word_1_261' title='bbox 405 2514 515 2585; x_wconf 85' lang='lat' dir='ltr'><strong>justus,</strong></span> <span class='ocrx_word' id='word_1_262' title='bbox 528 2512 674 2585; x_wconf 87' lang='lat' dir='ltr'><strong>quamdiu</strong></span> <span class='ocrx_word' id='word_1_263' title='bbox 689 2508 775 2565; x_wconf 87' lang='lat' dir='ltr'><strong>fuerit</strong></span> <span class='ocrx_word' id='word_1_264' title='bbox 786 2508 825 2564; x_wconf 90' lang='lat' dir='ltr'><strong>ab</strong></span> <span class='ocrx_word' id='word_1_265' title='bbox 835 2509 946 2564; x_wconf 90' lang='lat' dir='ltr'><strong>unitate</strong></span> <span class='ocrx_word' id='word_1_266' title='bbox 955 2507 1044 2578; x_wconf 77' lang='lat' dir='ltr'><strong>buius</strong></span> 
     </span>
     <span class='ocr_line' id='line_1_28' title="bbox 218 2599 1044 2677; baseline -0.013 -16"><span class='ocrx_word' id='word_1_267' title='bbox 218 2606 351 2677; x_wconf 87' lang='lat' dir='ltr'><strong>corporis</strong></span> <span class='ocrx_word' id='word_1_268' title='bbox 367 2606 535 2675; x_wconf 88' lang='lat' dir='ltr'><strong>separatus.</strong></span> <span class='ocrx_word' id='word_1_269' title='bbox 561 2599 823 2667; x_wconf 85' lang='lat' dir='ltr'><strong>Quemadmodum</strong></span> <span class='ocrx_word' id='word_1_270' title='bbox 855 2599 934 2653; x_wconf 91' lang='lat' dir='ltr'><strong>euim</strong></span> <span class='ocrx_word' id='word_1_271' title='bbox 951 2612 1044 2652; x_wconf 92' lang='lat' dir='ltr'><strong>mem·</strong></span> 
     </span>
     <span class='ocr_line' id='line_1_29' title="bbox 216 2687 1043 2765; baseline -0.01 -15"><span class='ocrx_word' id='word_1_272' title='bbox 216 2694 305 2750; x_wconf 91' lang='lat' dir='ltr'><strong>brum</strong></span> <span class='ocrx_word' id='word_1_273' title='bbox 323 2693 347 2748; x_wconf 93' lang='lat' dir='ltr'><strong>si</strong></span> <span class='ocrx_word' id='word_1_274' title='bbox 362 2691 450 2765; x_wconf 86' lang='lat' dir='ltr'><strong>proeci</strong></span> <span class='ocrx_word' id='word_1_275' title='bbox 464 2690 541 2747; x_wconf 91' lang='lat' dir='ltr'><strong>fatur</strong></span> <span class='ocrx_word' id='word_1_276' title='bbox 553 2690 592 2746; x_wconf 90' lang='lat' dir='ltr'><strong>ab</strong></span> <span class='ocrx_word' id='word_1_277' title='bbox 607 2688 738 2745; x_wconf 89' lang='lat' dir='ltr'><strong>bominis</strong></span> <span class='ocrx_word' id='word_1_278' title='bbox 754 2687 813 2744; x_wconf 86' lang='lat' dir='ltr'><strong>vivi</strong></span> <span class='ocrx_word' id='word_1_279' title='bbox 828 2702 964 2759; x_wconf 87' lang='lat' dir='ltr'><strong>corpore,</strong></span> <span class='ocrx_word' id='word_1_280' title='bbox 981 2702 1043 2742; x_wconf 90' lang='lat' dir='ltr'><strong>non</strong></span> 
     </span>
     <span class='ocr_line' id='line_1_30' title="bbox 216 2775 1043 2856; baseline -0.011 -16"><span class='ocrx_word' id='word_1_281' title='bbox 216 2787 418 2856; x_wconf 89' lang='lat' dir='ltr'><strong>potesttenere</strong></span> <span class='ocrx_word' id='word_1_282' title='bbox 427 2780 564 2853; x_wconf 88' lang='lat' dir='ltr'><strong>spiritum</strong></span> <span class='ocrx_word' id='word_1_283' title='bbox 574 2778 804 2847; x_wconf 79' lang='lat' dir='ltr'><strong>vilae3sicbomo</strong></span> <span class='ocrx_word' id='word_1_284' title='bbox 817 2777 866 2850; x_wconf 87' lang='lat' dir='ltr'><strong>qui</strong></span> <span class='ocrx_word' id='word_1_285' title='bbox 875 2775 1043 2848; x_wconf 87' lang='lat' dir='ltr'><strong>praeciditur</strong></span> 
     </span>
     <span class='ocr_line' id='line_1_31' title="bbox 215 2864 1041 2941; baseline -0.008 -14"><span class='ocrx_word' id='word_1_286' title='bbox 215 2872 253 2927; x_wconf 89' lang='lat' dir='ltr'><strong>de</strong></span> <span class='ocrx_word' id='word_1_287' title='bbox 266 2870 372 2927; x_wconf 86' lang='lat' dir='ltr'><strong>Christi</strong></span> <span class='ocrx_word' id='word_1_288' title='bbox 383 2870 455 2939; x_wconf 77' lang='lat' dir='ltr'><strong>Justi</strong></span> <span class='ocrx_word' id='word_1_289' title='bbox 466 2885 600 2941; x_wconf 90' lang='lat' dir='ltr'><strong>corpore,</strong></span> <span class='ocrx_word' id='word_1_290' title='bbox 613 2867 695 2923; x_wconf 91' lang='lat' dir='ltr'><strong>nullo</strong></span> <span class='ocrx_word' id='word_1_291' title='bbox 704 2865 793 2923; x_wconf 91' lang='lat' dir='ltr'><strong>modo</strong></span> <span class='ocrx_word' id='word_1_292' title='bbox 803 2864 1041 2937; x_wconf 89' lang='lat' dir='ltr'><strong>polestspiritum</strong></span> 
     </span>
     <span class='ocr_line' id='line_1_32' title="bbox 215 2953 1039 3032; baseline -0.013 -14"><span class='ocrx_word' id='word_1_293' title='bbox 215 2966 314 3018; x_wconf 91' lang='lat' dir='ltr'><strong>tenere</strong></span> <span class='ocrx_word' id='word_1_294' title='bbox 337 2959 470 3032; x_wconf 80' lang='lat' dir='ltr'><strong>justitiae,</strong></span> <span class='ocrx_word' id='word_1_295' title='bbox 496 2957 614 3015; x_wconf 91' lang='lat' dir='ltr'><strong>etiamsi</strong></span> <span class='ocrx_word' id='word_1_296' title='bbox 642 2957 770 3027; x_wconf 89' lang='lat' dir='ltr'><strong>figuram</strong></span> <span class='ocrx_word' id='word_1_297' title='bbox 788 2953 914 3010; x_wconf 88' lang='lat' dir='ltr'><strong>membri</strong></span> <span class='ocrx_word' id='word_1_298' title='bbox 932 2958 1039 3021; x_wconf 87' lang='lat' dir='ltr'><strong>teneat,</strong></span> 
     </span>
     <span class='ocr_line' id='line_1_33' title="bbox 213 3044 1040 3124; baseline -0.01 -19"><span class='ocrx_word' id='word_1_299' title='bbox 213 3066 308 3124; x_wconf 87' lang='lat' dir='ltr'><strong>quam</strong></span> <span class='ocrx_word' id='word_1_300' title='bbox 319 3049 627 3122; x_wconf 87' lang='lat' dir='ltr'><strong>sumpsilincorpore.</strong></span> <span class='ocrx_word' id='word_1_301' title='bbox 642 3049 673 3100; x_wconf 92' lang='lat' dir='ltr'><strong>ln</strong></span> <span class='ocrx_word' id='word_1_302' title='bbox 686 3044 1040 3116; x_wconf 82' lang='lat' dir='ltr'><strong>hujusergocompagem</strong></span> 
     </span>
     <span class='ocr_line' id='line_1_34' title="bbox 213 3130 1040 3212; baseline -0.011 -17"><span class='ocrx_word' id='word_1_303' title='bbox 213 3138 348 3212; x_wconf 91' lang='lat' dir='ltr'><strong>corporis</strong></span> <span class='ocrx_word' id='word_1_304' title='bbox 364 3139 494 3203; x_wconf 86' lang='lat' dir='ltr'><strong>veniant,</strong></span> <span class='ocrx_word' id='word_1_305' title='bbox 520 3142 548 3193; x_wconf 93' lang='lat' dir='ltr'><strong>et</strong></span> <span class='ocrx_word' id='word_1_306' title='bbox 566 3136 684 3192; x_wconf 90' lang='lat' dir='ltr'><strong>labores</strong></span> <span class='ocrx_word' id='word_1_307' title='bbox 698 3150 768 3190; x_wconf 89' lang='lat' dir='ltr'><strong>suos</strong></span> <span class='ocrx_word' id='word_1_308' title='bbox 782 3148 842 3189; x_wconf 91' lang='lat' dir='ltr'><strong>non</strong></span> <span class='ocrx_word' id='word_1_309' title='bbox 863 3130 1040 3187; x_wconf 90' lang='lat' dir='ltr'><strong>dominandi</strong></span> 
     </span>
     <span class='ocr_line' id='line_1_35' title="bbox 214 3220 1040 3301; baseline -0.008 -17"><span class='ocrx_word' id='word_1_310' title='bbox 214 3228 387 3301; x_wconf 88' lang='lat' dir='ltr'><strong>cupiditate,</strong></span> <span class='ocrx_word' id='word_1_311' title='bbox 401 3227 455 3283; x_wconf 89' lang='lat' dir='ltr'><strong>sed</strong></span> <span class='ocrx_word' id='word_1_312' title='bbox 470 3226 546 3281; x_wconf 88' lang='lat' dir='ltr'><strong>bene</strong></span> <span class='ocrx_word' id='word_1_313' title='bbox 557 3224 659 3280; x_wconf 92' lang='lat' dir='ltr'><strong>utendi</strong></span> <span class='ocrx_word' id='word_1_314' title='bbox 674 3223 783 3295; x_wconf 87' lang='lat' dir='ltr'><strong>pietate</strong></span> <span class='ocrx_word' id='word_1_315' title='bbox 796 3220 963 3293; x_wconf 85' lang='lat' dir='ltr'><strong>possidere,</strong></span> <span class='ocrx_word' id='word_1_316' title='bbox 981 3223 1040 3277; x_wconf 84' lang='lat' dir='ltr'><strong>Nos</strong></span> 
     </span>
     <span class='ocr_line' id='line_1_36' title="bbox 213 3309 1040 3382; baseline -0.01 -9"><span class='ocrx_word' id='word_1_317' title='bbox 213 3324 314 3373; x_wconf 90' lang='lat' dir='ltr'><strong>autem</strong></span> <span class='ocrx_word' id='word_1_318' title='bbox 331 3317 514 3372; x_wconf 87' lang='lat' dir='ltr'><strong>volrrutatem</strong></span> <span class='ocrx_word' id='word_1_319' title='bbox 529 3319 675 3377; x_wconf 86' lang='lat' dir='ltr'><strong>nostram,</strong></span> <span class='ocrx_word' id='word_1_320' title='bbox 688 3314 720 3366; x_wconf 93' lang='lat' dir='ltr'><strong>ut</strong></span> <span class='ocrx_word' id='word_1_321' title='bbox 732 3309 920 3382; x_wconf 85' lang='lat' dir='ltr'><strong>jamdictum</strong></span> <span class='ocrx_word' id='word_1_322' title='bbox 937 3315 991 3375; x_wconf 89' lang='lat' dir='ltr'><strong>est,</strong></span> <span class='ocrx_word' id='word_1_323' title='bbox 1001 3309 1040 3365; x_wconf 89' lang='lat' dir='ltr'><strong>ab</strong></span> 
     </span>
     <span class='ocr_line' id='line_1_37' title="bbox 213 3399 1039 3477; baseline -0.011 -14"><span class='ocrx_word' id='word_1_324' title='bbox 213 3399 1039 3477; x_wconf 86' lang='lat' dir='ltr'><strong>hujuscupiditatissordibus,quolibetinimicojudican·</strong></span> 
     </span>
     <span class='ocr_line' id='line_1_38' title="bbox 212 3486 1038 3568; baseline -0.011 -16"><span class='ocrx_word' id='word_1_325' title='bbox 212 3499 241 3552; x_wconf 90' lang='lat' dir='ltr'><strong>te</strong></span> <span class='ocrx_word' id='word_1_326' title='bbox 253 3510 430 3568; x_wconf 86' lang='lat' dir='ltr'><strong>purgamus,</strong></span> <span class='ocrx_word' id='word_1_327' title='bbox 455 3491 578 3566; x_wconf 89' lang='lat' dir='ltr'><strong>quando</strong></span> <span class='ocrx_word' id='word_1_328' title='bbox 591 3507 643 3547; x_wconf 88' lang='lat' dir='ltr'><strong>eos</strong></span> <span class='ocrx_word' id='word_1_329' title='bbox 666 3490 747 3563; x_wconf 90' lang='lat' dir='ltr'><strong>ipsos</strong></span> <span class='ocrx_word' id='word_1_330' title='bbox 775 3505 904 3562; x_wconf 90' lang='lat' dir='ltr'><strong>quorum</strong></span> <span class='ocrx_word' id='word_1_331' title='bbox 919 3486 1038 3544; x_wconf 87' lang='lat' dir='ltr'><strong>labores</strong></span> 
     </span>
     <span class='ocr_line' id='line_1_39' title="bbox 212 3577 1037 3650; baseline -0.008 -11"><span class='ocrx_word' id='word_1_332' title='bbox 212 3583 363 3650; x_wconf 87' lang='lat' dir='ltr'><strong>dicuntur,</strong></span> <span class='ocrx_word' id='word_1_333' title='bbox 378 3590 408 3639; x_wconf 93' lang='lat' dir='ltr'><strong>ut</strong></span> <span class='ocrx_word' id='word_1_334' title='bbox 424 3580 679 3637; x_wconf 88' lang='lat' dir='ltr'><strong>nobiscumetiliis</strong></span> <span class='ocrx_word' id='word_1_335' title='bbox 692 3585 720 3634; x_wconf 91' lang='lat' dir='ltr'><strong>et</strong></span> <span class='ocrx_word' id='word_1_336' title='bbox 736 3578 844 3635; x_wconf 86' lang='lat' dir='ltr'><strong>nostris</strong></span> <span class='ocrx_word' id='word_1_337' title='bbox 857 3578 887 3632; x_wconf 92' lang='lat' dir='ltr'><strong>in</strong></span> <span class='ocrx_word' id='word_1_338' title='bbox 897 3577 1037 3633; x_wconf 84' lang='lat' dir='ltr'><strong>societate</strong></span> 
     </span>
     <span class='ocr_line' id='line_1_40' title="bbox 212 3668 864 3745; baseline -0.012 -16"><span class='ocrx_word' id='word_1_339' title='bbox 212 3678 343 3738; x_wconf 89' lang='lat' dir='ltr'><strong>utantur,</strong></span> <span class='ocrx_word' id='word_1_340' title='bbox 360 3678 507 3745; x_wconf 89' lang='lat' dir='ltr'><strong>quantum</strong></span> <span class='ocrx_word' id='word_1_341' title='bbox 523 3670 658 3726; x_wconf 88' lang='lat' dir='ltr'><strong>valemus</strong></span> <span class='ocrx_word' id='word_1_342' title='bbox 675 3668 864 3743; x_wconf 83' lang='lat' dir='ltr'><strong>inquirimus.</strong></span> 
     </span>
    </p>

    <p class='ocr_par' dir='ltr' id='par_1_6' title="bbox 197 3756 1036 5617">
     <span class='ocr_line' id='line_1_41' title="bbox 248 3756 1036 3831; baseline -0.011 -11"><span class='ocrx_word' id='word_1_343' title='bbox 248 3764 359 3820; x_wconf 74' lang='lat' dir='ltr'><strong>capnt</strong></span> <span class='ocrx_word' id='word_1_344' title='bbox 371 3764 401 3818; x_wconf 77' lang='grc' dir='ltr'><strong>Χ.</strong></span> <span class='ocrx_word' id='word_1_345' title='bbox 415 3792 449 3802; x_wconf 93' lang='grc'><strong>-</strong></span> <span class='ocrx_word' id='word_1_346' title='bbox 462 3764 506 3817; x_wconf 78' lang='lat' dir='ltr'><strong>te.</strong></span> <span class='ocrx_word' id='word_1_347' title='bbox 524 3759 581 3817; x_wconf 86' lang='lat' dir='ltr'><strong>Sed</strong></span> <span class='ocrx_word' id='word_1_348' title='bbox 595 3759 653 3815; x_wconf 92' lang='lat' dir='ltr'><strong>hoc</strong></span> <span class='ocrx_word' id='word_1_349' title='bbox 666 3762 719 3824; x_wconf 90' lang='lat' dir='ltr'><strong>est,</strong></span> <span class='ocrx_word' id='word_1_350' title='bbox 730 3757 879 3831; x_wconf 86' lang='lat' dir='ltr'><strong>inquiunt,</strong></span> <span class='ocrx_word' id='word_1_351' title='bbox 889 3756 972 3828; x_wconf 89' lang='lat' dir='ltr'><strong>quod</strong></span> <span class='ocrx_word' id='word_1_352' title='bbox 981 3771 1036 3811; x_wconf 87' lang='lat' dir='ltr'><strong>nos</strong></span> 
     </span>
     <span class='ocr_line' id='line_1_42' title="bbox 209 3845 1036 3922; baseline -0.011 -14"><span class='ocrx_word' id='word_1_353' title='bbox 209 3845 1036 3922; x_wconf 78' lang='lat' dir='ltr'><strong>movet:siinjustisumus,quarcnosqureritiszuibus</strong></span> 
     </span>
     <span class='ocr_line' id='line_1_43' title="bbox 208 3938 1035 4012; baseline -0.008 -16"><span class='ocrx_word' id='word_1_354' title='bbox 208 3938 1035 4012; x_wconf 75' lang='lat' dir='ltr'><strong>responderuuszouaerimusvosinjuslosmcperrrranea·</strong></span> 
     </span>
     <span class='ocr_line' id='line_1_44' title="bbox 207 4023 1035 4100; baseline -0.008 -16"><span class='ocrx_word' id='word_1_355' title='bbox 207 4029 245 4085; x_wconf 87' lang='lat' dir='ltr'><strong>tis</strong></span> <span class='ocrx_word' id='word_1_356' title='bbox 258 4028 376 4099; x_wconf 87' lang='lat' dir='ltr'><strong>injusti;</strong></span> <span class='ocrx_word' id='word_1_357' title='bbox 389 4028 552 4100; x_wconf 72' lang='lat' dir='ltr'><strong>querimus</strong></span> <span class='ocrx_word' id='word_1_358' title='bbox 567 4026 709 4098; x_wconf 90' lang='lat' dir='ltr'><strong>perditos,</strong></span> <span class='ocrx_word' id='word_1_359' title='bbox 725 4031 757 4081; x_wconf 92' lang='lat' dir='ltr'><strong>ut</strong></span> <span class='ocrx_word' id='word_1_360' title='bbox 767 4025 805 4081; x_wconf 91' lang='lat' dir='ltr'><strong>de</strong></span> <span class='ocrx_word' id='word_1_361' title='bbox 819 4023 948 4081; x_wconf 88' lang='lat' dir='ltr'><strong>inventis</strong></span> <span class='ocrx_word' id='word_1_362' title='bbox 960 4038 1035 4094; x_wconf 87' lang='lat' dir='ltr'><strong>gau·</strong></span> 
     </span>
     <span class='ocr_line' id='line_1_45' title="bbox 205 4112 1033 4189; baseline -0.006 -16"><span class='ocrx_word' id='word_1_363' title='bbox 205 4117 276 4173; x_wconf 87' lang='lat' dir='ltr'><strong>dere</strong></span> <span class='ocrx_word' id='word_1_364' title='bbox 292 4118 453 4189; x_wconf 87' lang='lat' dir='ltr'><strong>possimus,</strong></span> <span class='ocrx_word' id='word_1_365' title='bbox 469 4115 610 4181; x_wconf 88' lang='lat' dir='ltr'><strong>dicentes,</strong></span> <span class='ocrx_word' id='word_1_366' title='bbox 624 4116 754 4171; x_wconf 84' lang='lat' dir='ltr'><strong>htorluus</strong></span> <span class='ocrx_word' id='word_1_367' title='bbox 764 4117 829 4169; x_wconf 89' lang='lat' dir='ltr'><strong>erut</strong></span> <span class='ocrx_word' id='word_1_368' title='bbox 841 4112 940 4178; x_wconf 91' lang='lat' dir='ltr'><strong>frater,</strong></span> <span class='ocrx_word' id='word_1_369' title='bbox 956 4118 1033 4168; x_wconf 89' lang='lat' dir='ltr'><strong>etre-</strong></span> 
     </span>
     <span class='ocr_line' id='line_1_46' title="bbox 206 4202 1033 4278; baseline -0.001 -18"><span class='ocrx_word' id='word_1_370' title='bbox 206 4205 295 4273; x_wconf 82' lang='lat' dir='ltr'><strong>vixit;</strong></span> <span class='ocrx_word' id='word_1_371' title='bbox 309 4206 446 4278; x_wconf 88' lang='lat' dir='ltr'><strong>perierat,</strong></span> <span class='ocrx_word' id='word_1_372' title='bbox 462 4209 490 4261; x_wconf 94' lang='lat' dir='ltr'><strong>el</strong></span> <span class='ocrx_word' id='word_1_373' title='bbox 503 4205 641 4260; x_wconf 87' lang='lat' dir='ltr'><strong>inventus</strong></span> <span class='ocrx_word' id='word_1_374' title='bbox 652 4208 697 4260; x_wconf 90' lang='lat' dir='ltr'><strong>cst</strong></span> <span class='ocrx_word' id='word_1_375' title='bbox 712 4204 794 4271; x_wconf 85' lang='lat' dir='ltr'><strong>(Luc.</strong></span> <span class='ocrx_word' id='word_1_376' title='bbox 804 4219 852 4271; x_wconf 84' lang='lat' dir='ltr'><strong>xv,</strong></span> <span class='ocrx_word' id='word_1_377' title='bbox 866 4207 920 4266; x_wconf 78' lang='lat'><strong>32).</strong></span> <span class='ocrx_word' id='word_1_378' title='bbox 935 4202 1033 4269; x_wconf 85' lang='lat' dir='ltr'><strong>Quare</strong></span> 
     </span>
     <span class='ocr_line' id='line_1_47' title="bbox 206 4290 1032 4366; baseline -0.005 -16"><span class='ocrx_word' id='word_1_379' title='bbox 206 4309 278 4365; x_wconf 89' lang='lat' dir='ltr'><strong>ergo</strong></span> <span class='ocrx_word' id='word_1_380' title='bbox 291 4294 464 4366; x_wconf 76' lang='lat' dir='ltr'><strong>meinquit,</strong></span> <span class='ocrx_word' id='word_1_381' title='bbox 481 4292 692 4365; x_wconf 83' lang='lat' dir='ltr'><strong>nonbaprizas,</strong></span> <span class='ocrx_word' id='word_1_382' title='bbox 709 4290 1032 4363; x_wconf 79' lang='lat' dir='ltr'><strong>utabluasapeccatisf</strong></span> 
     </span>
     <span class='ocr_line' id='line_1_48' title="bbox 204 4372 1031 4456; baseline -0.005 -16"><span class='ocrx_word' id='word_1_383' title='bbox 204 4382 383 4456; x_wconf 86' lang='lat' dir='ltr'><strong>Respondeo</strong></span> <span class='ocrx_word' id='word_1_384' title='bbox 406 4382 506 4449; x_wconf 84' lang='lat' dir='ltr'><strong>:Ouia</strong></span> <span class='ocrx_word' id='word_1_385' title='bbox 521 4398 579 4438; x_wconf 91' lang='lat' dir='ltr'><strong>non</strong></span> <span class='ocrx_word' id='word_1_386' title='bbox 605 4381 683 4438; x_wconf 86' lang='lat' dir='ltr'><strong>facio</strong></span> <span class='ocrx_word' id='word_1_387' title='bbox 698 4380 839 4452; x_wconf 87' lang='lat' dir='ltr'><strong>injuriam</strong></span> <span class='ocrx_word' id='word_1_388' title='bbox 868 4372 1031 4437; x_wconf 82' lang='lat' dir='ltr'><strong>characteri</strong></span> 
     </span>
     <span class='ocr_line' id='line_1_49' title="bbox 203 4469 1030 4545; baseline -0.005 -16"><span class='ocrx_word' id='word_1_389' title='bbox 203 4473 403 4545; x_wconf 91' lang='lat' dir='ltr'><strong>imperatoris,</strong></span> <span class='ocrx_word' id='word_1_390' title='bbox 415 4469 1030 4541; x_wconf 80' lang='lat' dir='ltr'><strong>cumerroremcorrigodesertoris.0uare,</strong></span> 
     </span>
     <span class='ocr_line' id='line_1_50' title="bbox 203 4558 1030 4634; baseline -0.005 -17"><span class='ocrx_word' id='word_1_391' title='bbox 203 4562 311 4634; x_wconf 91' lang='lat' dir='ltr'><strong>inquit,</strong></span> <span class='ocrx_word' id='word_1_392' title='bbox 327 4561 410 4634; x_wconf 88' lang='lat' dir='ltr'><strong>apud</strong></span> <span class='ocrx_word' id='word_1_393' title='bbox 423 4568 449 4618; x_wconf 89' lang='lat' dir='ltr'><strong>te</strong></span> <span class='ocrx_word' id='word_1_394' title='bbox 460 4560 504 4618; x_wconf 84' lang='lat' dir='ltr'><strong>rel</strong></span> <span class='ocrx_word' id='word_1_395' title='bbox 518 4560 723 4633; x_wconf 75' lang='lat' dir='ltr'><strong>penitentiam</strong></span> <span class='ocrx_word' id='word_1_396' title='bbox 736 4574 797 4616; x_wconf 87' lang='lat' dir='ltr'><strong>non</strong></span> <span class='ocrx_word' id='word_1_397' title='bbox 810 4558 890 4631; x_wconf 78' lang='lat' dir='ltr'><strong>ago?</strong></span> <span class='ocrx_word' id='word_1_398' title='bbox 902 4558 1030 4615; x_wconf 91' lang='lat' dir='ltr'><strong>Imonisi</strong></span> 
     </span>
     <span class='ocr_line' id='line_1_51' title="bbox 204 4647 1029 4723; baseline -0.002 -18"><span class='ocrx_word' id='word_1_399' title='bbox 204 4651 312 4720; x_wconf 87' lang='lat' dir='ltr'><strong>egeris,</strong></span> <span class='ocrx_word' id='word_1_400' title='bbox 340 4651 442 4707; x_wconf 88' lang='lat' dir='ltr'><strong>salvus</strong></span> <span class='ocrx_word' id='word_1_401' title='bbox 455 4666 522 4707; x_wconf 87' lang='lat' dir='ltr'><strong>esse</strong></span> <span class='ocrx_word' id='word_1_402' title='bbox 546 4665 608 4706; x_wconf 89' lang='lat' dir='ltr'><strong>non</strong></span> <span class='ocrx_word' id='word_1_403' title='bbox 622 4650 733 4723; x_wconf 86' lang='lat' dir='ltr'><strong>poteris</strong></span> <span class='ocrx_word' id='word_1_404' title='bbox 750 4666 756 4704; x_wconf 93' lang='lat'>:</span> <span class='ocrx_word' id='word_1_405' title='bbox 772 4647 925 4723; x_wconf 92' lang='lat' dir='ltr'><strong>quomodo</strong></span> <span class='ocrx_word' id='word_1_406' title='bbox 949 4648 1029 4704; x_wconf 89' lang='lat' dir='ltr'><strong>enim</strong></span> 
     </span>
     <span class='ocr_line' id='line_1_52' title="bbox 202 4736 1030 4810; baseline -0.005 -14"><span class='ocrx_word' id='word_1_407' title='bbox 202 4740 350 4810; x_wconf 77' lang='lat' dir='ltr'><strong>gaudebis</strong></span> <span class='ocrx_word' id='word_1_408' title='bbox 362 4746 388 4797; x_wconf 89' lang='lat' dir='ltr'><strong>te</strong></span> <span class='ocrx_word' id='word_1_409' title='bbox 404 4756 468 4796; x_wconf 86' lang='lat' dir='ltr'><strong>esse</strong></span> <span class='ocrx_word' id='word_1_410' title='bbox 483 4744 661 4806; x_wconf 91' lang='lat' dir='ltr'><strong>correctum,</strong></span> <span class='ocrx_word' id='word_1_411' title='bbox 674 4738 733 4793; x_wconf 91' lang='lat' dir='ltr'><strong>nisi</strong></span> <span class='ocrx_word' id='word_1_412' title='bbox 747 4736 851 4794; x_wconf 87' lang='lat' dir='ltr'><strong>doleas</strong></span> <span class='ocrx_word' id='word_1_413' title='bbox 864 4736 1030 4810; x_wconf 89' lang='lat' dir='ltr'><strong>fuisseper·</strong></span> 
     </span>
     <span class='ocr_line' id='line_1_53' title="bbox 202 4826 1028 4902; baseline -0.006 -15"><span class='ocrx_word' id='word_1_414' title='bbox 202 4844 322 4887; x_wconf 82' lang='lat' dir='ltr'><strong>versum</strong></span> <span class='ocrx_word' id='word_1_415' title='bbox 334 4830 348 4887; x_wconf 86' lang='lat'><strong>?</strong></span> <span class='ocrx_word' id='word_1_416' title='bbox 361 4828 436 4895; x_wconf 85' lang='lat' dir='ltr'><strong>Quid</strong></span> <span class='ocrx_word' id='word_1_417' title='bbox 451 4845 533 4900; x_wconf 89' lang='lat' dir='ltr'><strong>ergo,</strong></span> <span class='ocrx_word' id='word_1_418' title='bbox 547 4827 654 4902; x_wconf 88' lang='lat' dir='ltr'><strong>inquit,</strong></span> <span class='ocrx_word' id='word_1_419' title='bbox 668 4827 749 4900; x_wconf 91' lang='lat' dir='ltr'><strong>apud</strong></span> <span class='ocrx_word' id='word_1_420' title='bbox 760 4843 823 4897; x_wconf 86' lang='lat' dir='ltr'><strong>vos,</strong></span> <span class='ocrx_word' id='word_1_421' title='bbox 840 4843 907 4882; x_wconf 90' lang='lat' dir='ltr'><strong>curn</strong></span> <span class='ocrx_word' id='word_1_422' title='bbox 921 4826 961 4882; x_wconf 90' lang='lat' dir='ltr'><strong>ad</strong></span> <span class='ocrx_word' id='word_1_423' title='bbox 975 4843 1028 4882; x_wconf 85' lang='lat' dir='ltr'><strong>vos</strong></span> 
     </span>
     <span class='ocr_line' id='line_1_54' title="bbox 201 4915 1028 4991; baseline -0.004 -15"><span class='ocrx_word' id='word_1_424' title='bbox 201 4918 378 4984; x_wconf 86' lang='lat' dir='ltr'><strong>transimus,</strong></span> <span class='ocrx_word' id='word_1_425' title='bbox 402 4917 588 4991; x_wconf 76' lang='lat' dir='ltr'><strong>accipimus?</strong></span> <span class='ocrx_word' id='word_1_426' title='bbox 604 4918 796 4989; x_wconf 83' lang='lat' dir='ltr'><strong>Respondco:</strong></span> <span class='ocrx_word' id='word_1_427' title='bbox 827 4918 891 4973; x_wconf 89' lang='lat' dir='ltr'><strong>Non</strong></span> <span class='ocrx_word' id='word_1_428' title='bbox 904 4915 1028 4989; x_wconf 89' lang='lat' dir='ltr'><strong>quidem</strong></span> 
     </span>
     <span class='ocr_line' id='line_1_55' title="bbox 202 5004 1027 5081; baseline -0.006 -16"><span class='ocrx_word' id='word_1_429' title='bbox 202 5008 337 5081; x_wconf 87' lang='lat' dir='ltr'><strong>accipitis</strong></span> <span class='ocrx_word' id='word_1_430' title='bbox 354 5007 552 5079; x_wconf 76' lang='lat' dir='ltr'><strong>baptismum,</strong></span> <span class='ocrx_word' id='word_1_431' title='bbox 569 5006 620 5079; x_wconf 92' lang='lat' dir='ltr'><strong>qui</strong></span> <span class='ocrx_word' id='word_1_432' title='bbox 635 5004 721 5062; x_wconf 87' lang='lat' dir='ltr'><strong>vobis</strong></span> <span class='ocrx_word' id='word_1_433' title='bbox 748 5009 832 5061; x_wconf 84' lang='lat' dir='ltr'><strong>extra</strong></span> <span class='ocrx_word' id='word_1_434' title='bbox 849 5019 1027 5076; x_wconf 78' lang='lat' dir='ltr'><strong>compagem</strong></span> 
     </span>
     <span class='ocr_line' id='line_1_56' title="bbox 201 5094 1025 5170; baseline -0.01 -15"><span class='ocrx_word' id='word_1_435' title='bbox 201 5097 336 5170; x_wconf 85' lang='lat' dir='ltr'><strong>corporis</strong></span> <span class='ocrx_word' id='word_1_436' title='bbox 351 5096 456 5155; x_wconf 84' lang='lat' dir='ltr'><strong>Christi</strong></span> <span class='ocrx_word' id='word_1_437' title='bbox 471 5096 567 5153; x_wconf 87' lang='lat' dir='ltr'><strong>inesse</strong></span> <span class='ocrx_word' id='word_1_438' title='bbox 576 5094 683 5168; x_wconf 90' lang='lat' dir='ltr'><strong>poluit,</strong></span> <span class='ocrx_word' id='word_1_439' title='bbox 692 5094 1025 5168; x_wconf 89' lang='lat' dir='ltr'><strong>prodessenonpoluit;</strong></span> 
     </span>
     <span class='ocr_line' id='line_1_57' title="bbox 201 5182 1025 5259; baseline -0.006 -16"><span class='ocrx_word' id='word_1_440' title='bbox 201 5182 1025 5259; x_wconf 81' lang='lat' dir='ltr'><strong>cedaccipitisunitatemspiritusinvinculopacilepli.</strong></span> 
     </span>
     <span class='ocr_line' id='line_1_58' title="bbox 198 5271 1027 5349; baseline -0.006 -16"><span class='ocrx_word' id='word_1_441' title='bbox 198 5290 240 5343; x_wconf 84' lang='lat' dir='ltr'><strong>iv,</strong></span> <span class='ocrx_word' id='word_1_442' title='bbox 256 5280 295 5347; x_wconf 83' lang='grc'><strong>3),</strong></span> <span class='ocrx_word' id='word_1_443' title='bbox 310 5277 372 5333; x_wconf 85' lang='lat' dir='ltr'><strong>aine</strong></span> <span class='ocrx_word' id='word_1_444' title='bbox 386 5291 448 5349; x_wconf 85' lang='lat' dir='ltr'><strong>qua</strong></span> <span class='ocrx_word' id='word_1_445' title='bbox 463 5291 552 5331; x_wconf 89' lang='lat' dir='ltr'><strong>neruo</strong></span> <span class='ocrx_word' id='word_1_446' title='bbox 565 5273 671 5347; x_wconf 91' lang='lat' dir='ltr'><strong>poterit</strong></span> <span class='ocrx_word' id='word_1_447' title='bbox 687 5271 785 5328; x_wconf 85' lang='lat' dir='ltr'><strong>videre</strong></span> <span class='ocrx_word' id='word_1_448' title='bbox 795 5272 899 5339; x_wconf 87' lang='lat' dir='ltr'><strong>Deum,</strong></span> <span class='ocrx_word' id='word_1_449' title='bbox 917 5278 945 5328; x_wconf 89' lang='lat' dir='ltr'><strong>et</strong></span> <span class='ocrx_word' id='word_1_450' title='bbox 957 5271 1027 5329; x_wconf 87' lang='lat' dir='ltr'><strong>cha·</strong></span> 
     </span>
     <span class='ocr_line' id='line_1_59' title="bbox 198 5361 1026 5437; baseline -0.005 -16"><span class='ocrx_word' id='word_1_451' title='bbox 198 5365 329 5433; x_wconf 86' lang='lat' dir='ltr'><strong>ritatem,</strong></span> <span class='ocrx_word' id='word_1_452' title='bbox 343 5382 421 5437; x_wconf 80' lang='lat' dir='ltr'><strong>quie,</strong></span> <span class='ocrx_word' id='word_1_453' title='bbox 437 5366 512 5421; x_wconf 90' lang='lat' dir='ltr'><strong>sicut</strong></span> <span class='ocrx_word' id='word_1_454' title='bbox 525 5364 670 5435; x_wconf 90' lang='lat' dir='ltr'><strong>scriptum</strong></span> <span class='ocrx_word' id='word_1_455' title='bbox 686 5367 740 5428; x_wconf 92' lang='lat' dir='ltr'><strong>est,</strong></span> <span class='ocrx_word' id='word_1_456' title='bbox 753 5361 880 5431; x_wconf 83' lang='lat' dir='ltr'><strong>cooperit</strong></span> <span class='ocrx_word' id='word_1_457' title='bbox 890 5362 1026 5419; x_wconf 86' lang='lat' dir='ltr'><strong>multitu·</strong></span> 
     </span>
     <span class='ocr_line' id='line_1_60' title="bbox 197 5450 1025 5524; baseline 0 -15"><span class='ocrx_word' id='word_1_458' title='bbox 197 5453 297 5511; x_wconf 81' lang='lat' dir='ltr'><strong>dinem</strong></span> <span class='ocrx_word' id='word_1_459' title='bbox 309 5462 497 5524; x_wconf 81' lang='lat' dir='ltr'><strong>peccatorum</strong></span> <span class='ocrx_word' id='word_1_460' title='bbox 508 5450 707 5520; x_wconf 85' lang='lat' dir='ltr'><strong>thetr.rv,8).</strong></span> <span class='ocrx_word' id='word_1_461' title='bbox 718 5453 1025 5522; x_wconf 81' lang='lat' dir='ltr'><strong>Qnodtammagnum</strong></span> 
     </span>
     <span class='ocr_line' id='line_1_61' title="bbox 199 5538 1026 5617; baseline 0.001 -20"><span class='ocrx_word' id='word_1_462' title='bbox 199 5538 328 5609; x_wconf 92' lang='lat' dir='ltr'><strong>bonum,</strong></span> <span class='ocrx_word' id='word_1_463' title='bbox 337 5542 399 5599; x_wconf 91' lang='lat' dir='ltr'><strong>sine</strong></span> <span class='ocrx_word' id='word_1_464' title='bbox 410 5559 471 5615; x_wconf 90' lang='lat' dir='ltr'><strong>quo</strong></span> <span class='ocrx_word' id='word_1_465' title='bbox 484 5559 539 5601; x_wconf 92' lang='lat' dir='ltr'><strong>nec</strong></span> <span class='ocrx_word' id='word_1_466' title='bbox 553 5542 673 5617; x_wconf 84' lang='lat' dir='ltr'><strong>linguas</strong></span> <span class='ocrx_word' id='word_1_467' title='bbox 684 5541 844 5600; x_wconf 90' lang='lat' dir='ltr'><strong>hominum</strong></span> <span class='ocrx_word' id='word_1_468' title='bbox 858 5545 887 5599; x_wconf 90' lang='lat' dir='ltr'><strong>et</strong></span> <span class='ocrx_word' id='word_1_469' title='bbox 901 5540 1026 5615; x_wconf 74' lang='lat' dir='ltr'><strong>angelo·</strong></span> 
     </span>
    </p>
   </div>
   <div class='ocr_carea' id='block_1_4' title="bbox 230 5689 455 5761">
    <p class='ocr_par' dir='ltr' id='par_1_7' title="bbox 230 5689 455 5761">
     <span class='ocr_line' id='line_1_62' title="bbox 230 5689 455 5761; baseline -0.004 -15"><span class='ocrx_word' id='word_1_470' title='bbox 230 5693 240 5761; x_wconf 80' lang='lat'><strong>,¹</strong></span> <span class='ocrx_word' id='word_1_471' title='bbox 253 5690 336 5753; x_wconf 75' lang='lat' dir='ltr'><strong>Alias,</strong></span> <span class='ocrx_word' id='word_1_472' title='bbox 349 5689 455 5745; x_wconf 77' lang='lat' dir='ltr'><strong>duecte.</strong></span> 
     </span>
    </p>
   </div>
   <div class='ocr_carea' id='block_1_5' title="bbox 1081 1531 1968 4987">
    <p class='ocr_par' dir='ltr' id='par_1_8' title="bbox 1095 1531 1940 3295">
     <span class='ocr_line' id='line_1_63' title="bbox 1107 1531 1940 1598; baseline 0.011 -14"><span class='ocrx_word' id='word_1_473' title='bbox 1107 1536 1273 1585; x_wconf 89' lang='lat' dir='ltr'><strong>sanaretur.</strong></span> <span class='ocrx_word' id='word_1_474' title='bbox 1291 1531 1348 1585; x_wconf 87' lang='lat' dir='ltr'><strong>Sed</strong></span> <span class='ocrx_word' id='word_1_475' title='bbox 1362 1531 1419 1587; x_wconf 90' lang='lat' dir='ltr'><strong>sibi</strong></span> <span class='ocrx_word' id='word_1_476' title='bbox 1435 1532 1492 1587; x_wconf 92' lang='lat' dir='ltr'><strong>hoc</strong></span> <span class='ocrx_word' id='word_1_477' title='bbox 1506 1533 1618 1598; x_wconf 83' lang='lat' dir='ltr'><strong>dicant,</strong></span> <span class='ocrx_word' id='word_1_478' title='bbox 1635 1539 1664 1588; x_wconf 89' lang='lat' dir='ltr'><strong>et</strong></span> <span class='ocrx_word' id='word_1_479' title='bbox 1690 1533 1786 1590; x_wconf 93' lang='lat' dir='ltr'><strong>mullo</strong></span> <span class='ocrx_word' id='word_1_480' title='bbox 1809 1536 1940 1593; x_wconf 84' lang='lat' dir='ltr'><strong>maxime</strong></span> 
     </span>
     <span class='ocr_line' id='line_1_64' title="bbox 1104 1616 1938 1695; baseline 0.011 -23"><span class='ocrx_word' id='word_1_481' title='bbox 1104 1616 1256 1674; x_wconf 91' lang='lat' dir='ltr'><strong>humiliter</strong></span> <span class='ocrx_word' id='word_1_482' title='bbox 1281 1620 1411 1686; x_wconf 83' lang='lat' dir='ltr'><strong>doleant,</strong></span> <span class='ocrx_word' id='word_1_483' title='bbox 1428 1622 1481 1692; x_wconf 91' lang='lat' dir='ltr'><strong>qui</strong></span> <span class='ocrx_word' id='word_1_484' title='bbox 1496 1621 1526 1677; x_wconf 96' lang='lat' dir='ltr'><strong>in</strong></span> <span class='ocrx_word' id='word_1_485' title='bbox 1541 1628 1625 1678; x_wconf 87' lang='lat' dir='ltr'><strong>tanta</strong></span> <span class='ocrx_word' id='word_1_486' title='bbox 1640 1630 1733 1678; x_wconf 91' lang='lat' dir='ltr'><strong>morte</strong></span> <span class='ocrx_word' id='word_1_487' title='bbox 1755 1625 1938 1695; x_wconf 75' lang='lat' dir='ltr'><strong>praecisionis</strong></span> 
     </span>
     <span class='ocr_line' id='line_1_65' title="bbox 1102 1706 1936 1783; baseline 0.011 -22"><span class='ocrx_word' id='word_1_488' title='bbox 1102 1706 1213 1777; x_wconf 89' lang='lat' dir='ltr'><strong>jacent,</strong></span> <span class='ocrx_word' id='word_1_489' title='bbox 1232 1715 1263 1763; x_wconf 89' lang='lat' dir='ltr'><strong>ut</strong></span> <span class='ocrx_word' id='word_1_490' title='bbox 1275 1708 1331 1764; x_wconf 93' lang='lat' dir='ltr'><strong>isto</strong></span> <span class='ocrx_word' id='word_1_491' title='bbox 1357 1710 1492 1783; x_wconf 87' lang='lat' dir='ltr'><strong>quodam</strong></span> <span class='ocrx_word' id='word_1_492' title='bbox 1518 1710 1639 1767; x_wconf 84' lang='lat' dir='ltr'><strong>vulnere</strong></span> <span class='ocrx_word' id='word_1_493' title='bbox 1656 1713 1761 1769; x_wconf 89' lang='lat' dir='ltr'><strong>matris</strong></span> <span class='ocrx_word' id='word_1_494' title='bbox 1777 1714 1936 1771; x_wconf 83' lang='lat' dir='ltr'><strong>Catholicae</strong></span> 
     </span>
     <span class='ocr_line' id='line_1_66' title="bbox 1104 1796 1935 1871; baseline 0.011 -21"><span class='ocrx_word' id='word_1_495' title='bbox 1104 1796 1292 1853; x_wconf 85' lang='lat' dir='ltr'><strong>reviviscant.</strong></span> <span class='ocrx_word' id='word_1_496' title='bbox 1309 1796 1385 1854; x_wconf 90' lang='lat' dir='ltr'><strong>Cum</strong></span> <span class='ocrx_word' id='word_1_497' title='bbox 1397 1801 1478 1854; x_wconf 92' lang='lat' dir='ltr'><strong>enim</strong></span> <span class='ocrx_word' id='word_1_498' title='bbox 1501 1802 1643 1871; x_wconf 78' lang='lat' dir='ltr'><strong>praecisus</strong></span> <span class='ocrx_word' id='word_1_499' title='bbox 1660 1817 1765 1857; x_wconf 85' lang='lat' dir='ltr'><strong>ramus</strong></span> <span class='ocrx_word' id='word_1_500' title='bbox 1788 1804 1935 1871; x_wconf 87' lang='lat' dir='ltr'><strong>inseritur,</strong></span> 
     </span>
     <span class='ocr_line' id='line_1_67' title="bbox 1102 1884 1935 1964; baseline 0.012 -25"><span class='ocrx_word' id='word_1_501' title='bbox 1102 1884 1135 1940; x_wconf 91' lang='lat' dir='ltr'><strong>fit</strong></span> <span class='ocrx_word' id='word_1_502' title='bbox 1149 1885 1230 1941; x_wconf 91' lang='lat' dir='ltr'><strong>aliud</strong></span> <span class='ocrx_word' id='word_1_503' title='bbox 1255 1886 1364 1942; x_wconf 88' lang='lat' dir='ltr'><strong>vulnus</strong></span> <span class='ocrx_word' id='word_1_504' title='bbox 1381 1888 1411 1942; x_wconf 91' lang='lat' dir='ltr'><strong>in</strong></span> <span class='ocrx_word' id='word_1_505' title='bbox 1435 1888 1552 1955; x_wconf 88' lang='lat' dir='ltr'><strong>arbore,</strong></span> <span class='ocrx_word' id='word_1_506' title='bbox 1584 1904 1644 1960; x_wconf 87' lang='lat' dir='ltr'><strong>quo</strong></span> <span class='ocrx_word' id='word_1_507' title='bbox 1671 1890 1767 1961; x_wconf 88' lang='lat' dir='ltr'><strong>possit</strong></span> <span class='ocrx_word' id='word_1_508' title='bbox 1785 1892 1891 1964; x_wconf 86' lang='lat' dir='ltr'><strong>recipi,</strong></span> <span class='ocrx_word' id='word_1_509' title='bbox 1907 1900 1935 1949; x_wconf 95' lang='lat' dir='ltr'><strong>ut</strong></span> 
     </span>
     <span class='ocr_line' id='line_1_68' title="bbox 1103 1973 1932 2055; baseline 0.014 -29"><span class='ocrx_word' id='word_1_510' title='bbox 1103 1973 1240 2046; x_wconf 85' lang='lat' dir='ltr'><strong>vivatqui</strong></span> <span class='ocrx_word' id='word_1_511' title='bbox 1252 1976 1316 2030; x_wconf 92' lang='lat' dir='ltr'><strong>siue</strong></span> <span class='ocrx_word' id='word_1_512' title='bbox 1324 1980 1384 2031; x_wconf 86' lang='lat' dir='ltr'><strong>vita</strong></span> <span class='ocrx_word' id='word_1_513' title='bbox 1394 1977 1503 2032; x_wconf 88' lang='lat' dir='ltr'><strong>radicis</strong></span> <span class='ocrx_word' id='word_1_514' title='bbox 1512 1978 1640 2049; x_wconf 88' lang='lat' dir='ltr'><strong>peribat:</strong></span> <span class='ocrx_word' id='word_1_515' title='bbox 1655 1979 1788 2035; x_wconf 88' lang='lat' dir='ltr'><strong>sedcum</strong></span> <span class='ocrx_word' id='word_1_516' title='bbox 1799 1990 1932 2055; x_wconf 88' lang='lat' dir='ltr'><strong>receptus</strong></span> 
     </span>
     <span class='ocr_line' id='line_1_69' title="bbox 1101 2062 1929 2139; baseline 0.011 -23"><span class='ocrx_word' id='word_1_517' title='bbox 1101 2062 1253 2134; x_wconf 86' lang='lat' dir='ltr'><strong>recipienti</strong></span> <span class='ocrx_word' id='word_1_518' title='bbox 1265 2064 1452 2132; x_wconf 89' lang='lat' dir='ltr'><strong>coaiaerit,el</strong></span> <span class='ocrx_word' id='word_1_519' title='bbox 1467 2066 1751 2139; x_wconf 82' lang='lat' dir='ltr'><strong>vigorconsequitur</strong></span> <span class='ocrx_word' id='word_1_520' title='bbox 1761 2075 1791 2124; x_wconf 90' lang='lat' dir='ltr'><strong>et</strong></span> <span class='ocrx_word' id='word_1_521' title='bbox 1804 2069 1929 2137; x_wconf 85' lang='lat' dir='ltr'><strong>fructus;</strong></span> 
     </span>
     <span class='ocr_line' id='line_1_70' title="bbox 1102 2151 1931 2227; baseline 0.013 -22"><span class='ocrx_word' id='word_1_522' title='bbox 1102 2151 1234 2208; x_wconf 82' lang='lat' dir='ltr'><strong>aientem</strong></span> <span class='ocrx_word' id='word_1_523' title='bbox 1248 2168 1308 2209; x_wconf 92' lang='lat' dir='ltr'><strong>non</strong></span> <span class='ocrx_word' id='word_1_524' title='bbox 1318 2154 1469 2220; x_wconf 88' lang='lat' dir='ltr'><strong>coaluerit,</strong></span> <span class='ocrx_word' id='word_1_525' title='bbox 1484 2155 1532 2211; x_wconf 92' lang='lat' dir='ltr'><strong>ilie</strong></span> <span class='ocrx_word' id='word_1_526' title='bbox 1548 2156 1672 2227; x_wconf 87' lang='lat' dir='ltr'><strong>quidem</strong></span> <span class='ocrx_word' id='word_1_527' title='bbox 1682 2158 1931 2226; x_wconf 82' lang='lat' dir='ltr'><strong>arescit‚sedvira</strong></span> 
     </span>
     <span class='ocr_line' id='line_1_71' title="bbox 1101 2239 1929 2318; baseline 0.008 -23"><span class='ocrx_word' id='word_1_528' title='bbox 1101 2239 1929 2318; x_wconf 60' lang='lat' dir='ltr'><strong>arborispermanebamenimettaleinserendigenus,</strong></span> 
     </span>
     <span class='ocr_line' id='line_1_72' title="bbox 1101 2328 1928 2407; baseline 0.012 -24"><span class='ocrx_word' id='word_1_529' title='bbox 1101 2333 1133 2384; x_wconf 91' lang='lat' dir='ltr'><strong>ut</strong></span> <span class='ocrx_word' id='word_1_530' title='bbox 1148 2328 1229 2384; x_wconf 90' lang='lat' dir='ltr'><strong>nulio</strong></span> <span class='ocrx_word' id='word_1_531' title='bbox 1243 2330 1368 2401; x_wconf 85' lang='lat' dir='ltr'><strong>praeciso</strong></span> <span class='ocrx_word' id='word_1_532' title='bbox 1384 2346 1469 2386; x_wconf 90' lang='lat' dir='ltr'><strong>ramo</strong></span> <span class='ocrx_word' id='word_1_533' title='bbox 1490 2331 1542 2404; x_wconf 91' lang='lat' dir='ltr'><strong>qui</strong></span> <span class='ocrx_word' id='word_1_534' title='bbox 1559 2332 1639 2389; x_wconf 89' lang='lat' dir='ltr'><strong>intus</strong></span> <span class='ocrx_word' id='word_1_535' title='bbox 1655 2340 1708 2399; x_wconf 91' lang='lat' dir='ltr'><strong>est,</strong></span> <span class='ocrx_word' id='word_1_536' title='bbox 1726 2334 1773 2390; x_wconf 92' lang='lat' dir='ltr'><strong>iile</strong></span> <span class='ocrx_word' id='word_1_537' title='bbox 1791 2336 1846 2407; x_wconf 90' lang='lat' dir='ltr'><strong>qui</strong></span> <span class='ocrx_word' id='word_1_538' title='bbox 1862 2336 1928 2393; x_wconf 86' lang='lat' dir='ltr'><strong>foris</strong></span> 
     </span>
     <span class='ocr_line' id='line_1_73' title="bbox 1100 2420 1928 2489; baseline 0.012 -16"><span class='ocrx_word' id='word_1_539' title='bbox 1100 2423 1142 2473; x_wconf 90' lang='lat' dir='ltr'><strong>est</strong></span> <span class='ocrx_word' id='word_1_540' title='bbox 1156 2420 1312 2483; x_wconf 89' lang='lat' dir='ltr'><strong>inseratur,</strong></span> <span class='ocrx_word' id='word_1_541' title='bbox 1326 2435 1385 2474; x_wconf 90' lang='lat' dir='ltr'><strong>non</strong></span> <span class='ocrx_word' id='word_1_542' title='bbox 1402 2427 1504 2476; x_wconf 85' lang='lat' dir='ltr'><strong>temeri</strong></span> <span class='ocrx_word' id='word_1_543' title='bbox 1529 2421 1621 2489; x_wconf 87' lang='lat' dir='ltr'><strong>nullo,</strong></span> <span class='ocrx_word' id='word_1_544' title='bbox 1639 2424 1692 2478; x_wconf 90' lang='lat' dir='ltr'><strong>sed</strong></span> <span class='ocrx_word' id='word_1_545' title='bbox 1717 2423 1761 2479; x_wconf 83' lang='lat' dir='ltr'><strong>rel</strong></span> <span class='ocrx_word' id='word_1_546' title='bbox 1779 2423 1928 2483; x_wconf 85' lang='lat' dir='ltr'><strong>levissimo</strong></span> 
     </span>
     <span class='ocr_line' id='line_1_74' title="bbox 1099 2506 1927 2579; baseline 0.011 -18"><span class='ocrx_word' id='word_1_547' title='bbox 1099 2506 1215 2562; x_wconf 88' lang='lat' dir='ltr'><strong>arboris</strong></span> <span class='ocrx_word' id='word_1_548' title='bbox 1230 2508 1362 2563; x_wconf 86' lang='lat' dir='ltr'><strong>vulnere.</strong></span> <span class='ocrx_word' id='word_1_549' title='bbox 1379 2509 1422 2563; x_wconf 91' lang='lat' dir='ltr'><strong>lta</strong></span> <span class='ocrx_word' id='word_1_550' title='bbox 1437 2516 1553 2579; x_wconf 87' lang='lat' dir='ltr'><strong>ergoet</strong></span> <span class='ocrx_word' id='word_1_551' title='bbox 1579 2512 1625 2566; x_wconf 89' lang='lat' dir='ltr'><strong>isti</strong></span> <span class='ocrx_word' id='word_1_552' title='bbox 1643 2512 1767 2568; x_wconf 88' lang='lat' dir='ltr'><strong>eumad</strong></span> <span class='ocrx_word' id='word_1_553' title='bbox 1800 2515 1927 2571; x_wconf 87' lang='lat' dir='ltr'><strong>radicem</strong></span> 
     </span>
     <span class='ocr_line' id='line_1_75' title="bbox 1098 2596 1927 2672; baseline 0.006 -20"><span class='ocrx_word' id='word_1_554' title='bbox 1098 2596 1281 2652; x_wconf 87' lang='lat' dir='ltr'><strong>Catholicam</strong></span> <span class='ocrx_word' id='word_1_555' title='bbox 1298 2598 1430 2664; x_wconf 91' lang='lat' dir='ltr'><strong>veniunt,</strong></span> <span class='ocrx_word' id='word_1_556' title='bbox 1446 2614 1500 2653; x_wconf 90' lang='lat' dir='ltr'><strong>nec</strong></span> <span class='ocrx_word' id='word_1_557' title='bbox 1514 2601 1557 2654; x_wconf 91' lang='lat' dir='ltr'><strong>eis</strong></span> <span class='ocrx_word' id='word_1_558' title='bbox 1573 2602 1713 2672; x_wconf 85' lang='lat' dir='ltr'><strong>qrramvis</strong></span> <span class='ocrx_word' id='word_1_559' title='bbox 1738 2608 1809 2672; x_wconf 85' lang='lat' dir='ltr'><strong>post</strong></span> <span class='ocrx_word' id='word_1_560' title='bbox 1824 2603 1927 2659; x_wconf 90' lang='lat' dir='ltr'><strong>erroris</strong></span> 
     </span>
     <span class='ocr_line' id='line_1_76' title="bbox 1098 2685 1926 2763; baseline 0.011 -26"><span class='ocrx_word' id='word_1_561' title='bbox 1098 2685 1144 2739; x_wconf 87' lang='lat' dir='ltr'><strong>sui</strong></span> <span class='ocrx_word' id='word_1_562' title='bbox 1160 2686 1364 2756; x_wconf 88' lang='lat' dir='ltr'><strong>poeuiteutiam</strong></span> <span class='ocrx_word' id='word_1_563' title='bbox 1379 2685 1476 2742; x_wconf 91' lang='lat' dir='ltr'><strong>honor</strong></span> <span class='ocrx_word' id='word_1_564' title='bbox 1491 2687 1646 2744; x_wconf 85' lang='lat' dir='ltr'><strong>clericatus</strong></span> <span class='ocrx_word' id='word_1_565' title='bbox 1675 2687 1720 2744; x_wconf 83' lang='lat' dir='ltr'><strong>ref</strong></span> <span class='ocrx_word' id='word_1_566' title='bbox 1737 2692 1926 2763; x_wconf 84' lang='lat' dir='ltr'><strong>episcopatus</strong></span> 
     </span>
     <span class='ocr_line' id='line_1_77' title="bbox 1097 2773 1925 2849; baseline 0.008 -20"><span class='ocrx_word' id='word_1_567' title='bbox 1097 2774 1237 2839; x_wconf 83' lang='lat' dir='ltr'><strong>aufertur,</strong></span> <span class='ocrx_word' id='word_1_568' title='bbox 1256 2774 1287 2829; x_wconf 94' lang='lat' dir='ltr'><strong>tit</strong></span> <span class='ocrx_word' id='word_1_569' title='bbox 1308 2773 1431 2846; x_wconf 88' lang='lat' dir='ltr'><strong>quidem</strong></span> <span class='ocrx_word' id='word_1_570' title='bbox 1448 2774 1560 2847; x_wconf 89' lang='lat' dir='ltr'><strong>aliquid</strong></span> <span class='ocrx_word' id='word_1_571' title='bbox 1590 2783 1736 2849; x_wconf 90' lang='lat' dir='ltr'><strong>tauquam</strong></span> <span class='ocrx_word' id='word_1_572' title='bbox 1764 2780 1798 2834; x_wconf 92' lang='lat' dir='ltr'><strong>in</strong></span> <span class='ocrx_word' id='word_1_573' title='bbox 1820 2782 1925 2836; x_wconf 86' lang='lat' dir='ltr'><strong>cortice</strong></span> 
     </span>
     <span class='ocr_line' id='line_1_78' title="bbox 1097 2862 1923 2937; baseline 0.01 -20"><span class='ocrx_word' id='word_1_574' title='bbox 1097 2862 1213 2917; x_wconf 89' lang='lat' dir='ltr'><strong>arboris</strong></span> <span class='ocrx_word' id='word_1_575' title='bbox 1236 2863 1340 2918; x_wconf 73' lang='lat' dir='ltr'><strong>matris</strong></span> <span class='ocrx_word' id='word_1_576' title='bbox 1368 2870 1472 2920; x_wconf 91' lang='lat' dir='ltr'><strong>contra</strong></span> <span class='ocrx_word' id='word_1_577' title='bbox 1501 2865 1700 2937; x_wconf 85' lang='lat' dir='ltr'><strong>integritatem</strong></span> <span class='ocrx_word' id='word_1_578' title='bbox 1732 2870 1923 2925; x_wconf 85' lang='lat' dir='ltr'><strong>severitatis:</strong></span> 
     </span>
     <span class='ocr_line' id='line_1_79' title="bbox 1095 2954 1922 3031; baseline 0.011 -25"><span class='ocrx_word' id='word_1_579' title='bbox 1095 2957 1304 3007; x_wconf 84' lang='lat' dir='ltr'><strong>verumtamen</strong></span> <span class='ocrx_word' id='word_1_580' title='bbox 1320 2954 1393 3025; x_wconf 88' lang='lat' dir='ltr'><strong>quia</strong></span> <span class='ocrx_word' id='word_1_581' title='bbox 1417 2970 1515 3027; x_wconf 91' lang='lat' dir='ltr'><strong>neque</strong></span> <span class='ocrx_word' id='word_1_582' title='bbox 1530 2954 1582 3028; x_wconf 90' lang='lat' dir='ltr'><strong>qui</strong></span> <span class='ocrx_word' id='word_1_583' title='bbox 1599 2956 1714 3027; x_wconf 90' lang='lat' dir='ltr'><strong>plantat</strong></span> <span class='ocrx_word' id='word_1_584' title='bbox 1728 2964 1775 3013; x_wconf 87' lang='lat' dir='ltr'><strong>est</strong></span> <span class='ocrx_word' id='word_1_585' title='bbox 1802 2957 1922 3031; x_wconf 89' lang='lat' dir='ltr'><strong>aliquid,</strong></span> 
     </span>
     <span class='ocr_line' id='line_1_80' title="bbox 1095 3042 1921 3115; baseline 0.012 -20"><span class='ocrx_word' id='word_1_586' title='bbox 1095 3042 1250 3114; x_wconf 86' lang='lat' dir='ltr'><strong>nequequi</strong></span> <span class='ocrx_word' id='word_1_587' title='bbox 1267 3042 1375 3114; x_wconf 78' lang='lat' dir='ltr'><strong>rigatfl</strong></span> <span class='ocrx_word' id='word_1_588' title='bbox 1392 3045 1460 3099; x_wconf 82' lang='lat' dir='ltr'><strong>Cor.</strong></span> <span class='ocrx_word' id='word_1_589' title='bbox 1473 3046 1558 3115; x_wconf 87' lang='lat' dir='ltr'><strong>ru‚7)‚</strong></span> <span class='ocrx_word' id='word_1_590' title='bbox 1573 3044 1613 3100; x_wconf 92' lang='lat' dir='ltr'><strong>ad</strong></span> <span class='ocrx_word' id='word_1_591' title='bbox 1625 3046 1674 3101; x_wconf 84' lang='lat' dir='ltr'><strong>[lei</strong></span> <span class='ocrx_word' id='word_1_592' title='bbox 1686 3046 1921 3105; x_wconf 85' lang='lat' dir='ltr'><strong>misericordiam</strong></span> 
     </span>
     <span class='ocr_line' id='line_1_81' title="bbox 1096 3130 1919 3206; baseline 0.011 -21"><span class='ocrx_word' id='word_1_593' title='bbox 1096 3130 1234 3202; x_wconf 85' lang='lat' dir='ltr'><strong>precibus</strong></span> <span class='ocrx_word' id='word_1_594' title='bbox 1242 3130 1667 3190; x_wconf 87' lang='lat' dir='ltr'><strong>fusiscoalesceuteinsitorum</strong></span> <span class='ocrx_word' id='word_1_595' title='bbox 1676 3150 1751 3206; x_wconf 88' lang='lat' dir='ltr'><strong>pace</strong></span> <span class='ocrx_word' id='word_1_596' title='bbox 1762 3152 1919 3201; x_wconf 90' lang='lat' dir='ltr'><strong>ramorum,</strong></span> 
     </span>
     <span class='ocr_line' id='line_1_82' title="bbox 1096 3219 1837 3295; baseline 0.011 -21"><span class='ocrx_word' id='word_1_597' title='bbox 1096 3219 1225 3275; x_wconf 88' lang='lat' dir='ltr'><strong>charitas</strong></span> <span class='ocrx_word' id='word_1_598' title='bbox 1240 3222 1373 3292; x_wconf 89' lang='lat' dir='ltr'><strong>cooperit</strong></span> <span class='ocrx_word' id='word_1_599' title='bbox 1387 3221 1606 3278; x_wconf 87' lang='lat' dir='ltr'><strong>multitudinem</strong></span> <span class='ocrx_word' id='word_1_600' title='bbox 1627 3232 1837 3295; x_wconf 85' lang='lat' dir='ltr'><strong>peccatorum.</strong></span> 
     </span>
    </p>

    <p class='ocr_par' dir='ltr' id='par_1_9' title="bbox 1081 3309 1968 4987">
     <span class='ocr_line' id='line_1_83' title="bbox 1130 3309 1918 3388; baseline 0.01 -25"><span class='ocrx_word' id='word_1_601' title='bbox 1130 3310 1175 3364; x_wconf 76' lang='lat'><strong>45.</strong></span> <span class='ocrx_word' id='word_1_602' title='bbox 1191 3309 1228 3365; x_wconf 92' lang='lat' dir='ltr'><strong>Ut</strong></span> <span class='ocrx_word' id='word_1_603' title='bbox 1242 3309 1322 3365; x_wconf 91' lang='lat' dir='ltr'><strong>enim</strong></span> <span class='ocrx_word' id='word_1_604' title='bbox 1338 3312 1564 3367; x_wconf 88' lang='lat' dir='ltr'><strong>constitueretur</strong></span> <span class='ocrx_word' id='word_1_605' title='bbox 1578 3311 1609 3367; x_wconf 94' lang='lat' dir='ltr'><strong>in</strong></span> <span class='ocrx_word' id='word_1_606' title='bbox 1631 3312 1774 3379; x_wconf 86' lang='lat' dir='ltr'><strong>Ecclesia,</strong></span> <span class='ocrx_word' id='word_1_607' title='bbox 1792 3331 1830 3371; x_wconf 92' lang='lat' dir='ltr'><strong>ne</strong></span> <span class='ocrx_word' id='word_1_608' title='bbox 1845 3316 1918 3388; x_wconf 89' lang='lat' dir='ltr'><strong>quis·</strong></span> 
     </span>
     <span class='ocr_line' id='line_1_84' title="bbox 1094 3397 1918 3472; baseline 0.01 -23"><span class='ocrx_word' id='word_1_609' title='bbox 1094 3397 1918 3472; x_wconf 74' lang='lat' dir='ltr'><strong>qrrampostaticujuscrirniuispaenitentiamclericatum</strong></span> 
     </span>
     <span class='ocr_line' id='line_1_85' title="bbox 1092 3487 1917 3557; baseline 0.011 -16"><span class='ocrx_word' id='word_1_610' title='bbox 1092 3487 1228 3557; x_wconf 88' lang='lat' dir='ltr'><strong>accipiat,</strong></span> <span class='ocrx_word' id='word_1_611' title='bbox 1242 3488 1287 3541; x_wconf 91' lang='lat' dir='ltr'><strong>vel</strong></span> <span class='ocrx_word' id='word_1_612' title='bbox 1302 3488 1522 3544; x_wconf 88' lang='lat' dir='ltr'><strong>adolericatum</strong></span> <span class='ocrx_word' id='word_1_613' title='bbox 1536 3489 1650 3556; x_wconf 86' lang='lat' dir='ltr'><strong>redeat,</strong></span> <span class='ocrx_word' id='word_1_614' title='bbox 1668 3491 1716 3547; x_wconf 85' lang='lat' dir='ltr'><strong>vel</strong></span> <span class='ocrx_word' id='word_1_615' title='bbox 1734 3492 1764 3547; x_wconf 91' lang='lat' dir='ltr'><strong>in</strong></span> <span class='ocrx_word' id='word_1_616' title='bbox 1782 3493 1917 3550; x_wconf 86' lang='lat' dir='ltr'><strong>clericatu</strong></span> 
     </span>
     <span class='ocr_line' id='line_1_86' title="bbox 1091 3576 1915 3650; baseline 0.013 -21"><span class='ocrx_word' id='word_1_617' title='bbox 1091 3580 1213 3630; x_wconf 89' lang='lat' dir='ltr'><strong>maneat</strong></span> <span class='ocrx_word' id='word_1_618' title='bbox 1232 3576 1285 3645; x_wconf 85' lang='lat' dir='ltr'><strong>(u),</strong></span> <span class='ocrx_word' id='word_1_619' title='bbox 1305 3592 1365 3632; x_wconf 94' lang='lat' dir='ltr'><strong>non</strong></span> <span class='ocrx_word' id='word_1_620' title='bbox 1394 3577 1604 3650; x_wconf 89' lang='lat' dir='ltr'><strong>desperatione</strong></span> <span class='ocrx_word' id='word_1_621' title='bbox 1633 3579 1845 3650; x_wconf 77' lang='lat' dir='ltr'><strong>indulgentiae,</strong></span> <span class='ocrx_word' id='word_1_622' title='bbox 1870 3584 1915 3639; x_wconf 84' lang='lat' dir='ltr'><strong>sed</strong></span> 
     </span>
     <span class='ocr_line' id='line_1_87' title="bbox 1090 3663 1915 3740; baseline 0.011 -22"><span class='ocrx_word' id='word_1_623' title='bbox 1090 3663 1186 3733; x_wconf 82' lang='lat' dir='ltr'><strong>rigore</strong></span> <span class='ocrx_word' id='word_1_624' title='bbox 1200 3666 1532 3738; x_wconf 83' lang='lat' dir='ltr'><strong>iactrrmesldisciplinaa</strong></span> <span class='ocrx_word' id='word_1_625' title='bbox 1543 3683 1548 3721; x_wconf 95' lang='lat'>:</span> <span class='ocrx_word' id='word_1_626' title='bbox 1561 3668 1812 3740; x_wconf 88' lang='lat' dir='ltr'><strong>alioquincontra</strong></span> <span class='ocrx_word' id='word_1_627' title='bbox 1825 3673 1915 3728; x_wconf 82' lang='lat' dir='ltr'><strong>clares</strong></span> 
     </span>
     <span class='ocr_line' id='line_1_88' title="bbox 1089 3751 1913 3829; baseline 0.01 -22"><span class='ocrx_word' id='word_1_628' title='bbox 1089 3751 1176 3808; x_wconf 87' lang='lat' dir='ltr'><strong>datas</strong></span> <span class='ocrx_word' id='word_1_629' title='bbox 1187 3753 1322 3810; x_wconf 86' lang='lat' dir='ltr'><strong>Ecclesiae</strong></span> <span class='ocrx_word' id='word_1_630' title='bbox 1337 3754 1549 3827; x_wconf 83' lang='lat' dir='ltr'><strong>disputabitur,</strong></span> <span class='ocrx_word' id='word_1_631' title='bbox 1563 3757 1601 3812; x_wconf 90' lang='lat' dir='ltr'><strong>de</strong></span> <span class='ocrx_word' id='word_1_632' title='bbox 1615 3757 1729 3829; x_wconf 82' lang='lat' dir='ltr'><strong>quibus</strong></span> <span class='ocrx_word' id='word_1_633' title='bbox 1740 3760 1913 3825; x_wconf 85' lang='lat' dir='ltr'><strong>dictumest,</strong></span> 
     </span>
     <span class='ocr_line' id='line_1_89' title="bbox 1089 3842 1911 3921; baseline 0.011 -25"><span class='ocrx_word' id='word_1_634' title='bbox 1089 3842 1911 3921; x_wconf 71' lang='lat' dir='ltr'><strong>(luresolues-itisr&#39;uterr·u‚solutceruatetiucoetoldfuttli.</strong></span> 
     </span>
     <span class='ocr_line' id='line_1_90' title="bbox 1087 3932 1912 4007; baseline 0.012 -20"><span class='ocrx_word' id='word_1_635' title='bbox 1087 3946 1145 3997; x_wconf 85' lang='lat' dir='ltr'><strong>xrr,</strong></span> <span class='ocrx_word' id='word_1_636' title='bbox 1157 3932 1210 4003; x_wconf 78' lang='lat' dir='ltr'><strong>aa).</strong></span> <span class='ocrx_word' id='word_1_637' title='bbox 1220 3932 1279 3988; x_wconf 91' lang='lat' dir='ltr'><strong>Sed</strong></span> <span class='ocrx_word' id='word_1_638' title='bbox 1287 3948 1323 3988; x_wconf 92' lang='lat' dir='ltr'><strong>ne</strong></span> <span class='ocrx_word' id='word_1_639' title='bbox 1334 3933 1457 3991; x_wconf 89' lang='lat' dir='ltr'><strong>forsitan</strong></span> <span class='ocrx_word' id='word_1_640' title='bbox 1466 3936 1557 3992; x_wconf 90' lang='lat' dir='ltr'><strong>etiam</strong></span> <span class='ocrx_word' id='word_1_641' title='bbox 1570 3936 1693 3992; x_wconf 87' lang='lat' dir='ltr'><strong>delectis</strong></span> <span class='ocrx_word' id='word_1_642' title='bbox 1709 3938 1912 4007; x_wconf 87' lang='lat' dir='ltr'><strong>criminibus¹,</strong></span> 
     </span>
     <span class='ocr_line' id='line_1_91' title="bbox 1087 4021 1968 4093; baseline 0.014 -19"><span class='ocrx_word' id='word_1_643' title='bbox 1087 4036 1140 4091; x_wconf 88' lang='lat' dir='ltr'><strong>spe</strong></span> <span class='ocrx_word' id='word_1_644' title='bbox 1155 4021 1278 4077; x_wconf 87' lang='lat' dir='ltr'><strong>honoris</strong></span> <span class='ocrx_word' id='word_1_645' title='bbox 1292 4023 1485 4079; x_wconf 88' lang='lat' dir='ltr'><strong>ecclesiastici</strong></span> <span class='ocrx_word' id='word_1_646' title='bbox 1512 4025 1630 4082; x_wconf 88' lang='lat' dir='ltr'><strong>animus</strong></span> <span class='ocrx_word' id='word_1_647' title='bbox 1645 4026 1854 4087; x_wconf 84' lang='lat' dir='ltr'><strong>intumescens</strong></span> <span class='ocrx_word' id='word_1_648' title='bbox 1873 4046 1913 4085; x_wconf 86' lang='lat' dir='ltr'><strong>su·</strong></span> <span class='ocrx_word' id='word_1_649' title='bbox 1966 4086 1968 4093; x_wconf 85' lang='grc'>,</span> 
     </span>
     <span class='ocr_line' id='line_1_92' title="bbox 1087 4109 1913 4189; baseline 0.012 -25"><span class='ocrx_word' id='word_1_650' title='bbox 1087 4109 1178 4180; x_wconf 89' lang='lat' dir='ltr'><strong>perbe</strong></span> <span class='ocrx_word' id='word_1_651' title='bbox 1194 4119 1295 4180; x_wconf 87' lang='lat' dir='ltr'><strong>ageret</strong></span> <span class='ocrx_word' id='word_1_652' title='bbox 1307 4113 1525 4183; x_wconf 72' lang='lat' dir='ltr'><strong>paenitentiam,</strong></span> <span class='ocrx_word' id='word_1_653' title='bbox 1552 4115 1743 4171; x_wconf 83' lang='lat' dir='ltr'><strong>severissime</strong></span> <span class='ocrx_word' id='word_1_654' title='bbox 1760 4118 1874 4189; x_wconf 89' lang='lat' dir='ltr'><strong>placuit</strong></span> <span class='ocrx_word' id='word_1_655' title='bbox 1885 4123 1913 4175; x_wconf 92' lang='lat' dir='ltr'><strong>ut</strong></span> 
     </span>
     <span class='ocr_line' id='line_1_93' title="bbox 1086 4200 1910 4276; baseline 0.011 -22"><span class='ocrx_word' id='word_1_656' title='bbox 1086 4204 1153 4269; x_wconf 88' lang='lat' dir='ltr'><strong>post</strong></span> <span class='ocrx_word' id='word_1_657' title='bbox 1174 4204 1274 4255; x_wconf 88' lang='lat' dir='ltr'><strong>actum</strong></span> <span class='ocrx_word' id='word_1_658' title='bbox 1300 4200 1337 4255; x_wconf 90' lang='lat' dir='ltr'><strong>de</strong></span> <span class='ocrx_word' id='word_1_659' title='bbox 1359 4202 1482 4258; x_wconf 91' lang='lat' dir='ltr'><strong>crimine</strong></span> <span class='ocrx_word' id='word_1_660' title='bbox 1497 4202 1664 4259; x_wconf 87' lang='lat' dir='ltr'><strong>damnabili</strong></span> <span class='ocrx_word' id='word_1_661' title='bbox 1690 4207 1910 4276; x_wconf 84' lang='lat' dir='ltr'><strong>poenitentiam,</strong></span> 
     </span>
     <span class='ocr_line' id='line_1_94' title="bbox 1084 4289 1911 4369; baseline 0.016 -26"><span class='ocrx_word' id='word_1_662' title='bbox 1084 4302 1175 4344; x_wconf 88' lang='lat' dir='ltr'><strong>nemo</strong></span> <span class='ocrx_word' id='word_1_663' title='bbox 1201 4290 1237 4345; x_wconf 87' lang='lat' dir='ltr'><strong>sit</strong></span> <span class='ocrx_word' id='word_1_664' title='bbox 1264 4289 1399 4355; x_wconf 88' lang='lat' dir='ltr'><strong>clericus,</strong></span> <span class='ocrx_word' id='word_1_665' title='bbox 1435 4296 1466 4345; x_wconf 92' lang='lat' dir='ltr'><strong>ut</strong></span> <span class='ocrx_word' id='word_1_666' title='bbox 1493 4291 1703 4364; x_wconf 89' lang='lat' dir='ltr'><strong>desperatione</strong></span> <span class='ocrx_word' id='word_1_667' title='bbox 1739 4297 1911 4369; x_wconf 85' lang='lat' dir='ltr'><strong>temporalis</strong></span> 
     </span>
     <span class='ocr_line' id='line_1_95' title="bbox 1084 4375 1911 4450; baseline 0.012 -19"><span class='ocrx_word' id='word_1_668' title='bbox 1084 4375 1911 4450; x_wconf 82' lang='lat' dir='ltr'><strong>altitudinismedianamajoretverioressetbumilitatis.</strong></span> 
     </span>
     <span class='ocr_line' id='line_1_96' title="bbox 1083 4466 1911 4533; baseline 0.013 -13"><span class='ocrx_word' id='word_1_669' title='bbox 1083 4466 1158 4521; x_wconf 84' lang='lat' dir='ltr'><strong>fiam</strong></span> <span class='ocrx_word' id='word_1_670' title='bbox 1186 4474 1214 4521; x_wconf 91' lang='lat' dir='ltr'><strong>et</strong></span> <span class='ocrx_word' id='word_1_671' title='bbox 1234 4472 1339 4523; x_wconf 88' lang='lat' dir='ltr'><strong>sanctu</strong></span> <span class='ocrx_word' id='word_1_672' title='bbox 1366 4469 1456 4524; x_wconf 83' lang='lat' dir='ltr'><strong>David</strong></span> <span class='ocrx_word' id='word_1_673' title='bbox 1480 4468 1519 4525; x_wconf 89' lang='lat' dir='ltr'><strong>de</strong></span> <span class='ocrx_word' id='word_1_674' title='bbox 1544 4468 1724 4527; x_wconf 85' lang='lat' dir='ltr'><strong>criminibus</strong></span> <span class='ocrx_word' id='word_1_675' title='bbox 1756 4475 1911 4533; x_wconf 79' lang='lat' dir='ltr'><strong>mortiferis</strong></span> 
     </span>
     <span class='ocr_line' id='line_1_97' title="bbox 1083 4556 1908 4635; baseline 0.015 -27"><span class='ocrx_word' id='word_1_676' title='bbox 1083 4556 1285 4625; x_wconf 79' lang='lat' dir='ltr'><strong>puniteutiarn</strong></span> <span class='ocrx_word' id='word_1_677' title='bbox 1300 4556 1401 4627; x_wconf 75' lang='lat' dir='ltr'><strong>agitet</strong></span> <span class='ocrx_word' id='word_1_678' title='bbox 1412 4562 1513 4614; x_wconf 89' lang='lat' dir='ltr'><strong>lamen</strong></span> <span class='ocrx_word' id='word_1_679' title='bbox 1525 4558 1555 4614; x_wconf 94' lang='lat' dir='ltr'><strong>iu</strong></span> <span class='ocrx_word' id='word_1_680' title='bbox 1571 4558 1686 4616; x_wconf 90' lang='lat' dir='ltr'><strong>bonore</strong></span> <span class='ocrx_word' id='word_1_681' title='bbox 1703 4578 1761 4618; x_wconf 87' lang='lat' dir='ltr'><strong>suo</strong></span> <span class='ocrx_word' id='word_1_682' title='bbox 1773 4566 1908 4635; x_wconf 85' lang='lat' dir='ltr'><strong>perstitit.</strong></span> 
     </span>
     <span class='ocr_line' id='line_1_98' title="bbox 1083 4642 1909 4728; baseline 0.017 -31"><span class='ocrx_word' id='word_1_683' title='bbox 1083 4642 1117 4698; x_wconf 86' lang='lat' dir='ltr'><strong>Et</strong></span> <span class='ocrx_word' id='word_1_684' title='bbox 1131 4642 1252 4700; x_wconf 88' lang='lat' dir='ltr'><strong>beatum</strong></span> <span class='ocrx_word' id='word_1_685' title='bbox 1264 4647 1380 4702; x_wconf 82' lang='lat' dir='ltr'><strong>Petrum</strong></span> <span class='ocrx_word' id='word_1_686' title='bbox 1393 4648 1518 4718; x_wconf 87' lang='lat' dir='ltr'><strong>quando</strong></span> <span class='ocrx_word' id='word_1_687' title='bbox 1533 4650 1744 4708; x_wconf 84' lang='lat' dir='ltr'><strong>amarissimas</strong></span> <span class='ocrx_word' id='word_1_688' title='bbox 1760 4651 1909 4728; x_wconf 81' lang='lat' dir='ltr'><strong>lacrymas</strong></span> 
     </span>
     <span class='ocr_line' id='line_1_99' title="bbox 1081 4732 1908 4810; baseline 0.013 -22"><span class='ocrx_word' id='word_1_689' title='bbox 1081 4732 1168 4802; x_wconf 91' lang='lat' dir='ltr'><strong>fudit,</strong></span> <span class='ocrx_word' id='word_1_690' title='bbox 1183 4734 1284 4806; x_wconf 89' lang='lat' dir='ltr'><strong>utique</strong></span> <span class='ocrx_word' id='word_1_691' title='bbox 1299 4734 1460 4792; x_wconf 86' lang='lat' dir='ltr'><strong>Dominum</strong></span> <span class='ocrx_word' id='word_1_692' title='bbox 1475 4750 1595 4808; x_wconf 83' lang='lat' dir='ltr'><strong>ragusae</strong></span> <span class='ocrx_word' id='word_1_693' title='bbox 1608 4739 1758 4810; x_wconf 83' lang='lat' dir='ltr'><strong>poenituit,</strong></span> <span class='ocrx_word' id='word_1_694' title='bbox 1770 4749 1800 4799; x_wconf 91' lang='lat' dir='ltr'><strong>et</strong></span> <span class='ocrx_word' id='word_1_695' title='bbox 1814 4750 1908 4801; x_wconf 88' lang='lat' dir='ltr'><strong>tamen</strong></span> 
     </span>
     <span class='ocr_line' id='line_1_100' title="bbox 1081 4822 1908 4903; baseline 0.013 -26"><span class='ocrx_word' id='word_1_696' title='bbox 1081 4822 1908 4903; x_wconf 77' lang='lat' dir='ltr'><strong>hpostolrrsmansitSednonideosuperracuaputanda</strong></span> 
     </span>
     <span class='ocr_line' id='line_1_101' title="bbox 1081 4912 1907 4987; baseline 0.01 -20"><span class='ocrx_word' id='word_1_697' title='bbox 1081 4915 1125 4967; x_wconf 85' lang='lat' dir='ltr'><strong>eat</strong></span> <span class='ocrx_word' id='word_1_698' title='bbox 1144 4912 1341 4983; x_wconf 88' lang='lat' dir='ltr'><strong>posteriorum</strong></span> <span class='ocrx_word' id='word_1_699' title='bbox 1364 4912 1529 4984; x_wconf 84' lang='lat' dir='ltr'><strong>diligentia,</strong></span> <span class='ocrx_word' id='word_1_700' title='bbox 1560 4916 1611 4987; x_wconf 90' lang='lat' dir='ltr'><strong>qui</strong></span> <span class='ocrx_word' id='word_1_701' title='bbox 1639 4917 1692 4972; x_wconf 89' lang='lat' dir='ltr'><strong>ubi</strong></span> <span class='ocrx_word' id='word_1_702' title='bbox 1720 4918 1814 4977; x_wconf 84' lang='lat' dir='ltr'><strong>saluti</strong></span> <span class='ocrx_word' id='word_1_703' title='bbox 1842 4919 1907 4979; x_wconf 87' lang='lat' dir='ltr'><strong>nihil</strong></span> 
     </span>
    </p>
   </div>
   <div class='ocr_carea' id='block_1_6' title="bbox 1079 5088 1907 5338">
    <p class='ocr_par' dir='ltr' id='par_1_10' title="bbox 1079 5088 1907 5338">
     <span class='ocr_line' id='line_1_102' title="bbox 1080 5088 1905 5172; baseline 0.012 -28"><span class='ocrx_word' id='word_1_704' title='bbox 1080 5088 1162 5145; x_wconf 87' lang='lat' dir='ltr'><strong>salus</strong></span> <span class='ocrx_word' id='word_1_705' title='bbox 1177 5088 1269 5145; x_wconf 92' lang='lat' dir='ltr'><strong>tutius</strong></span> <span class='ocrx_word' id='word_1_706' title='bbox 1285 5092 1462 5162; x_wconf 89' lang='lat' dir='ltr'><strong>muniretur,</strong></span> <span class='ocrx_word' id='word_1_707' title='bbox 1479 5094 1602 5163; x_wconf 83' lang='lat' dir='ltr'><strong>experti,</strong></span> <span class='ocrx_word' id='word_1_708' title='bbox 1620 5095 1723 5161; x_wconf 90' lang='lat' dir='ltr'><strong>credo,</strong></span> <span class='ocrx_word' id='word_1_709' title='bbox 1738 5097 1905 5172; x_wconf 85' lang='lat' dir='ltr'><strong>aliquorum</strong></span> 
     </span>
     <span class='ocr_line' id='line_1_103' title="bbox 1079 5178 1907 5262; baseline 0.013 -29"><span class='ocrx_word' id='word_1_710' title='bbox 1079 5178 1165 5234; x_wconf 88' lang='lat' dir='ltr'><strong>fictas</strong></span> <span class='ocrx_word' id='word_1_711' title='bbox 1183 5180 1376 5250; x_wconf 83' lang='lat' dir='ltr'><strong>poenitentias</strong></span> <span class='ocrx_word' id='word_1_712' title='bbox 1390 5196 1443 5253; x_wconf 87' lang='lat' dir='ltr'><strong>per</strong></span> <span class='ocrx_word' id='word_1_713' title='bbox 1465 5181 1620 5240; x_wconf 85' lang='lat' dir='ltr'><strong>affectatas</strong></span> <span class='ocrx_word' id='word_1_714' title='bbox 1642 5185 1797 5244; x_wconf 88' lang='lat' dir='ltr'><strong>bonorum</strong></span> <span class='ocrx_word' id='word_1_715' title='bbox 1810 5196 1907 5262; x_wconf 86' lang='lat' dir='ltr'><strong>poten·</strong></span> 
     </span>
     <span class='ocr_line' id='line_1_104' title="bbox 1079 5267 1904 5338; baseline 0.012 -16"><span class='ocrx_word' id='word_1_716' title='bbox 1079 5267 1145 5323; x_wconf 85' lang='lat' dir='ltr'><strong>tias.</strong></span> <span class='ocrx_word' id='word_1_717' title='bbox 1175 5270 1290 5338; x_wconf 84' lang='lat' dir='ltr'><strong>Cogunt</strong></span> <span class='ocrx_word' id='word_1_718' title='bbox 1316 5269 1397 5325; x_wconf 91' lang='lat' dir='ltr'><strong>enim</strong></span> <span class='ocrx_word' id='word_1_719' title='bbox 1425 5270 1535 5328; x_wconf 83' lang='lat' dir='ltr'><strong>multas</strong></span> <span class='ocrx_word' id='word_1_720' title='bbox 1567 5271 1703 5330; x_wconf 86' lang='lat' dir='ltr'><strong>invenire</strong></span> <span class='ocrx_word' id='word_1_721' title='bbox 1741 5279 1904 5335; x_wconf 84' lang='lat' dir='ltr'><strong>medicinas</strong></span> 
     </span>
    </p>
   </div>
   <div class='ocr_carea' id='block_1_7' title="bbox 1077 5444 1904 5753">
    <p class='ocr_par' dir='ltr' id='par_1_11' title="bbox 1109 5444 1862 5511">
     <span class='ocr_line' id='line_1_105' title="bbox 1109 5444 1862 5511; baseline 0.015 -17"><span class='ocrx_word' id='word_1_722' title='bbox 1109 5445 1117 5477; x_wconf 93' lang='lat'>¹</span> <span class='ocrx_word' id='word_1_723' title='bbox 1131 5444 1212 5503; x_wconf 63' lang='lat' dir='ltr'><strong>Edu,</strong></span> <span class='ocrx_word' id='word_1_724' title='bbox 1228 5446 1305 5493; x_wconf 85' lang='lat' dir='ltr'><strong>etiam</strong></span> <span class='ocrx_word' id='word_1_725' title='bbox 1320 5445 1351 5494; x_wconf 86' lang='lat' dir='ltr'><strong>dc</strong></span> <span class='ocrx_word' id='word_1_726' title='bbox 1365 5447 1463 5496; x_wconf 78' lang='lat' dir='ltr'><strong>crateris</strong></span> <span class='ocrx_word' id='word_1_727' title='bbox 1478 5448 1641 5499; x_wconf 73' lang='lat' dir='ltr'><strong>criminibus.</strong></span> <span class='ocrx_word' id='word_1_728' title='bbox 1657 5451 1731 5511; x_wconf 80' lang='lat' dir='ltr'><strong>bles..</strong></span> <span class='ocrx_word' id='word_1_729' title='bbox 1750 5454 1862 5507; x_wconf 78' lang='lat' dir='ltr'><strong>delectis.</strong></span> 
     </span>
    </p>

    <p class='ocr_par' dir='ltr' id='par_1_12' title="bbox 1077 5506 1904 5753">
     <span class='ocr_line' id='line_1_106' title="bbox 1110 5506 1904 5593; baseline 0.019 -39"><span class='ocrx_word' id='word_1_730' title='bbox 1110 5508 1145 5567; x_wconf 81' lang='grc' dir='ltr'><strong>(α)</strong></span> <span class='ocrx_word' id='word_1_731' title='bbox 1162 5506 1335 5579; x_wconf 75' lang='lat' dir='ltr'><strong>innocentius</strong></span> <span class='ocrx_word' id='word_1_732' title='bbox 1353 5508 1425 5571; x_wconf 85' lang='lat' dir='ltr'><strong>Papa</strong></span> <span class='ocrx_word' id='word_1_733' title='bbox 1436 5510 1458 5564; x_wconf 89' lang='lat' dir='ltr'><strong>f.</strong></span> <span class='ocrx_word' id='word_1_734' title='bbox 1473 5509 1502 5560; x_wconf 91' lang='lat' dir='ltr'><strong>in</strong></span> <span class='ocrx_word' id='word_1_735' title='bbox 1518 5512 1661 5577; x_wconf 80' lang='lat' dir='ltr'><strong>epistolae</strong></span> <span class='ocrx_word' id='word_1_736' title='bbox 1677 5516 1712 5564; x_wconf 79' lang='lat' dir='ltr'><strong>sd</strong></span> <span class='ocrx_word' id='word_1_737' title='bbox 1725 5518 1904 5593; x_wconf 69' lang='lat' dir='ltr'><strong>Apulia-cpis-</strong></span> 
     </span>
     <span class='ocr_line' id='line_1_107' title="bbox 1077 5570 1903 5643; baseline 0.018 -27"><span class='ocrx_word' id='word_1_738' title='bbox 1077 5580 1170 5632; x_wconf 88' lang='lat' dir='ltr'><strong>copoa,</strong></span> <span class='ocrx_word' id='word_1_739' title='bbox 1179 5572 1332 5643; x_wconf 74' lang='lat' dir='ltr'><strong>agapitum,</strong></span> <span class='ocrx_word' id='word_1_740' title='bbox 1343 5570 1539 5631; x_wconf 82' lang='lat' dir='ltr'><strong>Macedonium,</strong></span> <span class='ocrx_word' id='word_1_741' title='bbox 1555 5577 1615 5633; x_wconf 71' lang='lat' dir='ltr'><strong>etc„</strong></span> <span class='ocrx_word' id='word_1_742' title='bbox 1630 5577 1735 5639; x_wconf 80' lang='lat' dir='ltr'><strong>scribit,</strong></span> <span class='ocrx_word' id='word_1_743' title='bbox 1748 5598 1762 5628; x_wconf 81' lang='lat' dir='ltr'><strong>s</strong></span> <span class='ocrx_word' id='word_1_744' title='bbox 1775 5580 1903 5633; x_wconf 84' lang='lat' dir='ltr'><strong>Constitu·</strong></span> 
     </span>
     <span class='ocr_line' id='line_1_108' title="bbox 1077 5631 1903 5753; baseline 0.016 -10"><span class='ocrx_word' id='word_1_745' title='bbox 1077 5631 1692 5753; x_wconf 60' lang='lat' dir='ltr'><strong>lili,&#39;ilirrlllillftltlllallil‘l‘</strong></span> <span class='ocrx_word' id='word_1_746' title='bbox 1705 5642 1789 5697; x_wconf 53' lang='grc' dir='ltr'><strong>’ω’</strong></span> <span class='ocrx_word' id='word_1_747' title='bbox 1802 5645 1837 5697; x_wconf 76' lang='lat'><strong>&#39;¹&#39;</strong></span> <span class='ocrx_word' id='word_1_748' title='bbox 1850 5644 1903 5697; x_wconf 72' lang='lat'><strong>¹¹²⁰·</strong></span> 
     </span>
    </p>
   </div>
   <div class='ocr_carea' id='block_1_8' title="bbox 0 0 1980 6128">
    <p class='ocr_par' dir='ltr' id='par_1_13' title="bbox 0 0 1980 6128">
     <span class='ocr_line' id='line_1_109' title="bbox 0 0 1980 6128; baseline 0 12"><span class='ocrx_word' id='word_1_749' title='bbox 0 0 1980 6128; x_wconf 95' lang='lat' dir='ltr'><strong> </strong></span> 
     </span>
    </p>
   </div>
  </div>
 </body>
</html>
