3952 6128
238 182 292 241 1123

230 310 457 367 semineomnes
466 312 569 380 gentes
580 306 727 365 habitura
736 306 976 365 benedictionem
987 325 1060 381 prie-

228 399 404 456 nuntiantur
419 399 502 470 (Geir.
524 415 575 467 xii,
591 402 631 470 2).
653 398 704 454 llic
726 414 820 454 unum
841 398 934 454 Deum
954 415 1058 455 rerum

228 488 329 545 colens
344 489 544 544 universitatis
557 492 733 552 creatorem,
742 488 837 558 gignit
847 488 943 544 tilium
956 505 1057 558 senex,

228 578 266 633 de
285 577 516 651 conjugequam
532 593 586 651 spe
599 577 735 651 pariendi
748 577 868 649 penitus
883 578 1057 634 destitutam

228 665 367 722 sterilitas
382 672 517 740 aetasque
527 667 593 739 jam
617 665 736 723 fecerat.
758 668 942 738 propagatur
957 682 992 722 ex
1008 665 1058 724 illo

227 757 491 813 numerosissimus
501 757 641 829 populus,
655 754 868 826 multiplicatus
877 754 908 810 in
919 758 1055 829 AEgypto,

227 859 290 918 quo
303 843 385 901 illam
402 845 525 919 stirpem
544 861 581 901 ex
602 844 800 902 orientalibus
822 843 966 917 partibus,
990 860 1058 917 pro-

226 933 1058 1007 missiseffectisquecrebescensdisposiliodiviuatrans·

225 1024 356 1080 miserat.
370 1023 556 1080 Educiturex
571 1022 690 1096 AEgypti
703 1023 842 1079 servitute
858 1037 931 1093 gens
947 1022 1055 1090 valida,

226 1113 384 1170 horrendis
394 1113 487 1184 signis
500 1118 591 1186 atque
600 1111 753 1170 miraculis
767 1133 774 1178 t
789 1111 944 1183 pulsisque
955 1111 1057 1184 impiis

226 1204 374 1275 gentibus,
387 1204 417 1258 in
432 1208 540 1259 terram
552 1201 759 1275 promissionis
772 1201 915 1273 perducta
928 1208 957 1257 et
971 1217 1054 1257 cons·

226 1292 322 1362 tituta,
339 1307 432 1364 regno
454 1294 545 1348 etiam
559 1292 751 1347 sublimatur.
768 1291 881 1346 Deinde
898 1291 1055 1363 praevales·

225 1390 310 1439 cente
324 1387 457 1455 peccato,
470 1381 621 1450 sacrilegis
634 1381 759 1437 ausibus
772 1383 864 1436 lleum
879 1395 991 1444 reruni,
1003 1381 1055 1453 qui

225 1474 266 1528 eis
278 1479 359 1529 tanta
368 1471 700 1535 benefieiacontulerat,
716 1469 1053 1542 saepissimeollendeua

224 1563 374 1634 variisque
400 1559 551 1630 flagellata
580 1559 729 1628 cladibus,
752 1569 781 1614 et
807 1559 1055 1631 prosperitatibus

224 1651 387 1719 consolata,
401 1664 494 1721 usque
505 1649 544 1704 ad
556 1648 662 1705 Christi
672 1648 908 1705 incarnationem
924 1648 1055 1705 declara·

224 1741 396 1812 lienemque
415 1737 598 1811 perducitur.
624 1738 719 1803 Quem
744 1737 901 1802 Christum,
919 1738 969 1794 Dei
990 1740 1055 1794 Ver-

221 1830 307 1895 bum,
329 1832 379 1884 ltei
394 1828 512 1893 Filium,
533 1828 626 1883 ileum
646 1827 676 1881 in
696 1841 788 1882 carne
805 1831 976 1893 venturum,
993 1842 1054 1883 mo·

220 1920 360 1984 riturum,
383 1923 631 1982 resurrecturum,
661 1916 691 1971 in
719 1914 826 1971 caelum
846 1931 1053 1983 ascensurum,

221 2007 500 2081 praepollentissimo
512 2020 567 2061 suo
582 2006 752 2071 nomine,in
763 2004 906 2060 omnibus
915 2005 1054 2074 gentibus

220 2098 334 2155 dicatos
348 2096 404 2152 sibi
423 2095 551 2167 populos
567 2094 762 2166 habiturum;
779 2093 871 2166 inque
887 2093 937 2149 illo
952 2095 1052 2160 remis,

221 2188 336 2244 sionem
352 2193 555 2258 peccatorum,
568 2184 755 2255 salutemque
770 2191 913 2239 aternam
923 2183 1052 2239 suturam

220 2292 284 2334 esse
308 2274 508 2339 credentibus,
536 2276 640 2329 omnia
669 2273 765 2343 gentis
791 2272 868 2327 illius
893 2272 1051 2344 promissa,

219 2379 326 2420 omues
336 2362 510 2436 prophetiae,
524 2361 704 2426 sacerdotia,
719 2362 878 2426 sacrificia,
894 2361 1052 2434 templum,

220 2458 249 2510 at
262 2461 370 2509 cuncta
384 2452 509 2507 omuino
525 2456 716 2506 sacramenta
735 2457 909 2506 sonuerunt.

257 2565 299 2617 16.
316 2560 403 2616 Venit
416 2565 444 2615 11
463 2558 595 2615 Christus
612 2576 618 2626 ;
638 2556 827 2629 complentur
841 2558 871 2613 in
893 2559 959 2629 ejus
975 2563 1052 2624 ortu,

220 2652 290 2715 vita,
315 2650 412 2714 dictis,
438 2647 534 2714 lactis,
558 2646 764 2720 passionibus,
780 2654 886 2711 morte,
906 2664 1053 2704 resurrec-

220 2741 311 2806 tione,
336 2738 521 2802 ascensioue,
543 2738 641 2793 omnia
665 2736 815 2809 praeconia
839 2737 1054 2809 Prophetarum

220 2825 1053 2904 (Muttl.i,25).lliltitSpiritumsauetum,implettideles

219 2916 1053 2987 unaindomocongregatos(Act.ii,2),ethocipsumpro·

220 3005 1055 3079 missumorandoatquedesiderandoexspectanteslm.

218 3094 1054 3172 pletieutemSpiritusancto,loquunturiepenteliiiguis

218 3187 352 3244 omniurn
366 3187 514 3256 gentium,
526 3191 656 3254 arguunt
666 3183 793 3239 fidenter
807 3199 929 3250 errores,
944 3183 1052 3254 praedi·

217 3273 1052 3345 cantsaluberrimamveritatem,eitiortanturadpoeni·

218 3367 341 3422 tentiam
353 3364 510 3437 preteritae
526 3360 771 3434 culpabilisvitae,
782 3362 998 3432 indulgentiam
1013 3362 1050 3417 de

217 3454 321 3509 divina
345 3453 440 3522 gratia
462 3451 647 3523 pollicentur.
664 3450 908 3505 Praedicationem
931 3450 1049 3521 pietatis

217 3557 358 3614 veraeque
374 3540 527 3611 religionis
544 3554 631 3609 signa
645 3539 843 3611 congrueniia
856 3545 884 3594 et
904 3539 1048 3596 miracula

216 3635 451 3701 consequuntur.
477 3629 628 3685 Excitatur
642 3630 789 3684 adversus
809 3643 860 3684 eos
880 3644 960 3685 saeva
983 3629 1048 3684 inli-

214 3718 320 3775 delitas
335 3735 342 3787 ;
360 3719 486 3776 tolerant
501 3717 652 3791 praedicta,
671 3722 792 3789 sperant
814 3718 972 3790 promissa,
991 3717 1048 3774 do·

214 3814 280 3865 cent
296 3812 454 3881 praecepta.
469 3810 598 3863 Numero
614 3807 714 3877 exigui
726 3821 780 3878 per
794 3807 941 3862 muudum
954 3807 1047 3863 disse.

213 3897 376 3961 minantur,
406 3896 534 3970 populos
553 3895 692 3953 facilitate
709 3895 838 3952 mirabili
858 3900 1044 3968 convertunt,

210 3985 288 4043 inter
300 3986 435 4041 inimicos
448 3992 605 4057 augentur,
622 3985 880 4058 persecutionibus
896 3990 1043 4047 crescunt,

212 4089 266 4147 per
278 4073 477 4131 afflictionum
490 4075 649 4144 augustias
672 4075 812 4145 usquein
834 4080 979 4130 terrarum
996 4090 1043 4129 ex·

211 4167 307 4219 trema
322 4162 494 4218 dilatantur.
512 4164 552 4217 Ex
569 4161 813 4234 imperitissimis,
826 4177 863 4217 111
879 4162 1044 4233 abjectissi-

211 4251 278 4318 mis,
306 4266 342 4307 ex
372 4251 563 4324 paucissimis
593 4250 812 4317 illuminantur,
840 4250 1043 4317 nobilitantur,

209 4339 444 4412 multiplicantur
470 4339 707 4412 proeclarissima
733 4339 860 4411 ingenia,
881 4340 1043 4398 cultissima

209 4429 329 4502 eloquia
346 4446 353 4498 ;
370 4429 585 4503 mirabilesque
609 4429 730 4502 peritias
754 4434 921 4496 acutorum,
937 4429 1043 4486 lacun-

209 4519 319 4576 dorum
344 4527 434 4593 atque
455 4520 613 4577 doctorum
636 4519 798 4591 subjugant
813 4519 938 4588 Christo,
955 4526 983 4575 et
1002 4521 1040 4576 ad

209 4610 436 4682 praedicandum
450 4609 526 4666 viem
548 4610 665 4683 pietatis
680 4607 842 4682 salutisque
855 4615 1038 4671 convertunt.

208 4697 336 4754 Alternis
360 4697 596 4755 adversitatibus
612 4703 640 4755 et
659 4698 904 4771 prosperitatibus
927 4714 1037 4766 rerum,

207 4787 382 4860 patientiam
399 4792 427 4843 et
450 4788 678 4860 temperantiam
700 4787 858 4858 vigilanter
879 4794 1036 4845 exercent:

206 4875 324 4934 mundo
335 4875 504 4933 declinante
514 4876 544 4932 in
554 4881 698 4944 extrema,
711 4876 857 4949 lassisque
869 4876 958 4933 rebus
969 4883 1037 4934 neta·

205 4970 264 5021 tem
281 4964 418 5022 nltimam
435 4971 627 5037 protestante,
643 4965 738 5022 multo
757 4966 907 5033 fidentius,
923 4965 995 5039 quie
1009 4972 1036 5023 et

203 5054 262 5111 hoc
274 5054 452 5128 praedictum
466 5060 519 5124 est,
533 5061 676 5112 internam
691 5054 817 5112 civitatis
833 5055 961 5111 coelestis
976 5055 1036 5112 leli·

204 5144 325 5202 eitatem
338 5150 521 5218 exspectant.
537 5148 631 5218 litque
645 5145 720 5200 inter
732 5145 918 5211 haecomnia,
932 5152 1035 5203 contre

203 5235 368 5291 Ecclesiam
395 5234 502 5291 Christi
527 5234 689 5306 impiarum
718 5234 849 5304 gentium
874 5234 1034 5292 iulidelitas

203 5321 302 5379 tremit
316 5339 322 5376 :
338 5324 445 5381 evincit
455 5323 503 5381 illa
514 5325 665 5396 patiendo,
678 5329 706 5378 et
715 5323 926 5380 inconcussam
943 5323 1032 5381 tidem

204 5410 280 5466 inter
293 5412 502 5469 obsistentium
521 5413 666 5470 saevitiam
686 5411 864 5485 profitendo.
890 5414 1032 5470 Revelatae

204 5499 348 5569 veritatis,
371 5518 440 5574 quae
461 5503 513 5559 diu
538 5502 694 5577 promissis
708 5502 843 5574 mysticis
863 5502 1030 5570 relabetur,

203 5588 351 5646 sacrificio
378 5592 565 5658 succedente,
592 5592 644 5649 illa
669 5591 817 5648 sacrificia
841 5591 953 5664 quibus
972 5592 1029 5649 hoc

879 181 913 240 S.
934 180 1129 243 iuunsrirti
1147 180 1308 245 episcopt

1896 186 1949 255 1111

1114 311 1210 384 proba
1225 329 1277 384 per
1293 311 1498 370 infidelitatem
1513 330 1585 387 gens
1599 315 1666 388 ipse
1679 317 1855 375 ludaeorum
1874 334 1949 377 ase·

1114 401 1205 458 dibus
1221 404 1394 475 exstirpata,
1411 419 1464 476 per
1481 405 1629 462 mundum
1650 423 1870 482 usquequaque
1887 409 1948 465 dis·

1114 491 1256 562 pergitur,
1274 496 1305 548 nt
1325 491 1436 564 ubique
1450 498 1546 564 portet
1558 492 1682 550 Codices
1702 503 1837 562 sanctos,
1854 513 1891 554 ac
1906 499 1947 555 sic

1113 580 1278 652 prophetiae
1294 581 1508 646 testiinonium,
1525 598 1587 657 qua
1607 584 1739 640 Christus
1763 590 1793 642 et
1817 587 1947 646 Ecclesia

1112 670 1314 741 praenuntiata
1336 675 1390 735 est,
1415 685 1453 726 ne
1477 672 1515 727 ad
1543 677 1662 745 tempus
1687 690 1706 731 a
1729 674 1818 732 nobis
1843 675 1946 734 fictum

1113 757 1343 828 existimaretur,
1359 759 1398 816 ab
1412 759 1485 831 ipsis
1499 760 1679 818 adversariis
1692 763 1881 835 proteratur;
1898 766 1946 823 ubi

1111 846 1204 902 etiam
1220 847 1301 919 ipsos
1317 848 1494 920 pradictum
1510 854 1555 905 est
1576 865 1636 907 non
1653 849 1745 908 luisse
1770 854 1945 912 credituros.

1111 935 1234 1008 Templa
1259 943 1287 992 et
1313 938 1676 1007 simulacradaemonum,
1692 943 1829 1014 ritusque
1856 944 1946 1001 sacri·

1110 1021 1168 1093 legi
1183 1023 1329 1095 paulatim
1341 1032 1430 1097 atque
1443 1026 1613 1084 alternatim
1625 1029 1792 1086 secundum
1801 1031 1946 1104 praedicta

1112 1112 1287 1183 prophetica
1298 1113 1521 1171 subvertuntur.
1535 1116 1668 1172 Hoereses
1677 1117 1821 1175 adversus
1833 1135 1944 1178 nomen

1111 1198 1227 1266 Christi,
1250 1203 1306 1258 sub
1322 1202 1490 1260 velamento
1504 1212 1606 1261 tamen
1619 1207 1752 1263 nominis
1771 1209 1890 1277 Christi,
1906 1212 1943 1267 ad

1111 1290 1150 1345 ad
1166 1291 1364 1348 exercendam
1381 1291 1548 1351 doctrinam
1565 1304 1676 1352 sanctoe
1687 1297 1854 1370 religionis,
1870 1298 1945 1357 sicut

1110 1382 1317 1450 praenuntiatae
1333 1388 1411 1447 sunt,
1429 1382 1587 1453 pullulant.
1604 1388 1670 1442 llaec
1685 1388 1789 1444 omnia
1804 1388 1884 1444 sicut
1908 1388 1943 1445 le·

1111 1475 1221 1537 guntur
1234 1470 1386 1542 praedicta,
1404 1472 1444 1528 itu
1462 1478 1624 1529 cernuntur
1643 1475 1775 1546 implete,
1803 1483 1895 1548 atque
1910 1494 1943 1534 er

1109 1556 1157 1612 his
1169 1558 1232 1630 jam
1260 1565 1345 1616 totet
1369 1561 1457 1616 tantis
1484 1577 1552 1633 quae
1576 1568 1696 1629 restant,
1730 1572 1944 1638 exspectantur

1110 1645 1274 1719 implenda.
1303 1650 1373 1713 Quis
1394 1649 1514 1705 taudem
1540 1666 1626 1706 mens
1653 1651 1743 1708 asida
1758 1655 1942 1725 aeternitatis,

1108 1735 1236 1808 vitaeque
1247 1737 1402 1808 prasentia
1416 1739 1557 1795 brevitate
1573 1750 1719 1812 permota,
1733 1752 1839 1800 contra
1851 1743 1942 1816 hujus

1108 1825 1217 1880 divinae
1234 1825 1418 1882 auctoritatis
1431 1827 1534 1882 lumen
1548 1828 1728 1902 culmenque
1750 1832 1942 1890 contendat?

1145 1912 1256 1970 CAPUT
1267 1917 1296 1969 V.
1317 1947 1352 1956 -
1369 1921 1410 1971 17.
1429 1917 1500 1982 Quoe
1515 1916 1742 1989 disputationes,
1755 1936 1826 1992 quas
1841 1921 1941 1979 litteras

1108 2003 1311 2072 quorumlibet
1322 2003 1581 2076 philosophorum,
1597 2022 1666 2077 quae
1680 2007 1761 2077 leges
1777 2010 1941 2081 quarumli-

1108 2090 1158 2145 bet
1171 2092 1334 2160 ciritatum,
1349 2093 1469 2148 duobus
1486 2095 1653 2166 preceptis,
1668 2111 1705 2151 eir
1719 2097 1830 2169 quibus
1844 2100 1940 2155 Chris·

1109 2185 1156 2234 tus
1168 2179 1227 2234 dici
1244 2187 1336 2236 totam
1353 2183 1459 2252 Legem
1476 2185 1696 2258 prophetasque
1723 2187 1939 2258 ponderando

1107 2268 1200 2324 modo
1215 2270 1274 2325 sint
1289 2272 1504 2342 comparandae
1523 2284 1532 2333 2
1548 2273 1662 2344 Diliges
1672 2275 1833 2332 Dominum
1848 2279 1937 2335 Deum

1108 2362 1192 2414 tuum
1205 2372 1243 2414 cx
1254 2365 1314 2414 toto
1325 2361 1414 2416 corde
1427 2367 1487 2426 tuo,
1501 2367 1527 2417 et
1543 2377 1581 2418 ec
1595 2369 1657 2419 totu
1669 2364 1772 2421 anicia
1788 2369 1855 2435 tua,
1867 2373 1895 2424 et
1904 2382 1939 2424 cs

1108 2450 1936 2527 totumeritctumet,dittpcsproas'mamiuumtauquam

1109 2535 1235 2603 teipsum
1249 2536 1264 2588 1
1278 2538 1399 2608 (Mutila.
1424 2554 1495 2605 xiiii,
1512 2543 1556 2607 37,
1570 2540 1627 2613 39).
1648 2544 1698 2597 llic
1711 2543 1854 2615 physica,
1864 2560 1936 2617 qno-

1108 2625 1189 2679 niam
1205 2642 1310 2681 nmnes
1337 2630 1472 2683 omnium
1502 2639 1676 2686 naturarum
1704 2647 1806 2688 cauere
1833 2635 1865 2689 in
1885 2637 1937 2691 lleo

1109 2719 1241 2769 creatore
1258 2721 1337 2771 suut.
1355 2718 1404 2772 llic
1428 2718 1534 2783 ethica,
1555 2719 1701 2791 quoniam
1726 2722 1788 2779 rita
1805 2722 1890 2779 bona
1913 2728 1939 2779 et
1970 2754 1975 2759 -

1108 2800 1236 2859 honesta
1249 2820 1309 2860 non
1325 2805 1446 2862 aliunde
1461 2809 1617 2874 formatur,
1632 2825 1726 2882 quain
1738 2827 1810 2867 cuin
1824 2827 1863 2869 ee
1876 2828 1937 2886 que

1108 2891 1261 2962 diligenda
1276 2900 1356 2964 sunt,
1373 2897 1633 2967 quemadmodum
1658 2898 1812 2970 diligenda
1836 2906 1935 2967 sunt¹,

1108 2979 1281 3050 diliguntur,
1298 2983 1356 3039 hoc
1385 2992 1429 3041 est
1443 2986 1521 3041 licus
1543 2994 1573 3043 et
1586 2988 1751 3058 proximus.
1766 2990 1818 3045 llic
1830 2989 1935 3062 logica,

1107 3072 1252 3141 quoniam
1267 3073 1376 3128 veritas
1389 3073 1553 3146 lumenque
1568 3077 1848 3145 aniinaerationalis,
1865 3095 1935 3136 non·

1106 3160 1163 3214 nisi
1179 3161 1256 3216 Deus
1269 3169 1322 3217 est.
1338 3162 1390 3217 llic
1409 3165 1497 3220 etiam
1526 3165 1686 3222 laudabilis
1700 3167 1876 3239 reipublicae
1894 3185 1935 3227 sa·

1105 3246 1152 3303 ius
1170 3265 1176 3303 :
1196 3265 1293 3323 neque
1321 3253 1401 3307 enim
1432 3254 1571 3309 conditur
1589 3261 1617 3310 et
1643 3257 1811 3313 custoditur
1825 3259 1934 3330 optime

1106 3337 1218 3404 civitas,
1236 3338 1294 3394 nisi
1304 3339 1501 3399 fundamento
1520 3347 1550 3398 et
1562 3344 1933 3420 vinculolidei,tlrmaeqne
1972 3401 1974 3404 .

1105 3429 1283 3494 concordiae,
1298 3445 1366 3484 cuni
1382 3430 1496 3486 bonum
1513 3447 1674 3488 commune
1693 3435 1838 3507 diligitur,
1854 3437 1931 3510 quod

1103 3532 1258 3572 summum
1278 3518 1518 3575 severissimum
1539 3523 1617 3577 lleus
1642 3530 1696 3589 est,
1723 3532 1817 3598 alque
1839 3524 1869 3581 iii
1885 3526 1931 3582 illo

1101 3604 1227 3660 invicem
1257 3608 1457 3664 sincerissime
1478 3625 1508 3665 se
1538 3610 1666 3681 diligunt
1693 3612 1848 3681 homines,
1864 3631 1930 3671 cum

1101 3700 1223 3766 propter
1233 3696 1316 3751 illum
1335 3713 1366 3752 se
1378 3697 1518 3768 diligunt,
1535 3701 1593 3765 cui,
1604 3703 1779 3774 quoanimo
1793 3703 1929 3777 diligant,

1100 3784 1250 3841 occultare
1262 3800 1323 3841 non
1339 3792 1478 3857 possunt.

1138 3877 1180 3928 18.
1197 3875 1299 3930 Modus
1313 3882 1413 3931 autem
1435 3877 1502 3948 ipse
1518 3877 1720 3952 dicendique
1734 3888 1842 3941 saneta
1856 3883 1929 3940 Scri·
1975 3891 1976 3894 ’

1099 3964 1929 4046 pturacontexitur,quamomnibusaccessibilis,qnem-

1099 4051 1144 4106 vis
1160 4053 1350 4122 paucissimis
1361 4056 1552 4126 penetrabilis
1563 4056 1570 4111 t
1586 4059 1626 4113 Ea
1637 4072 1705 4129 quae
1720 4067 1827 4131 aperta
1839 4062 1929 4118 conti·

1097 4146 1157 4205 net,
1171 4143 1257 4212 quasi
1270 4145 1386 4198 amicus
1395 4141 1561 4210 familiaris,
1573 4147 1638 4202 sine
1653 4148 1927 4224 lucoadcorloqni·

1099 4233 1145 4284 tur
1157 4230 1349 4288 indoctorum
1369 4239 1460 4306 atque
1473 4234 1631 4292 doctorum
1649 4253 1656 4292 :
1674 4252 1711 4294 ea
1725 4253 1798 4296 rere
1813 4255 1883 4313 que
1896 4240 1926 4296 in

1098 4320 1249 4391 mysteriis
1264 4323 1402 4389 occultet,
1423 4338 1478 4378 nec
1492 4325 1558 4396 ipsa
1587 4324 1707 4399 eloquio
1726 4330 1863 4401 superbo
1875 4330 1926 4386 sri-
1975 4402 1976 4405 Ἴ

1096 4409 1148 4477 git,
1169 4424 1231 4481 qoo
1244 4425 1304 4466 non
1319 4412 1429 4468 audeat
1443 4416 1585 4471 accedere
1600 4431 1686 4472 meus
1700 4419 1887 4476 tardiuscula
1898 4425 1924 4475 st
1975 4407 1976 4411 ¹

1095 4495 1255 4566 inerudita,
1272 4501 1358 4571 quasi
1374 4516 1490 4573 pauper
1512 4504 1551 4558 ad
1575 4503 1695 4561 divitem
1713 4524 1719 4576 ;
1737 4506 1792 4562 sed
1822 4507 1923 4565 inritat
1966 4524 1972 4561 r

1094 4601 1200 4643 omnes
1215 4588 1321 4645 humili
1334 4605 1481 4657 sermone,
1496 4606 1574 4664 quos
1586 4608 1646 4650 non
1658 4594 1756 4651 solum
1763 4596 1922 4653 manifesta
1963 4566 1972 4679 f

1095 4681 1208 4747 pascat,
1225 4678 1277 4734 sed
1290 4679 1381 4735 etiam
1400 4685 1514 4737 secreta
1527 4688 1663 4739 exerceat
1676 4684 1810 4752 veritate,
1822 4685 1881 4744 hoc
1892 4687 1920 4743 in
1964 4758 1969 4767 Ι

1092 4767 1239 4837 promptis
1250 4768 1333 4839 quod
1348 4768 1379 4823 in
1389 4769 1548 4826 reconditis
1563 4770 1689 4828 babens.
1704 4773 1763 4829 Sed
1775 4781 1920 4850 neaperta
1963 4772 1969 4799 ¹

1092 4852 1302 4924 fastidirentur,
1318 4857 1424 4915 eadem
1451 4866 1672 4934 rursusoperta
1699 4862 1918 4932 desiderantur,
1964 4876 1968 4947 ξ

1090 4942 1258 5001 desiderata
1273 4946 1406 5018 quodam
1435 4948 1526 5005 modo
1550 4957 1746 5024 renovantur,
1775 4959 1918 5012 renovata
1963 4960 1969 5035 f

1091 5033 1222 5088 suaviter
1236 5033 1422 5094 intimantur.
1438 5036 1488 5091 llis
1500 5035 1657 5096 salubriter
1669 5045 1699 5096 11
1712 5056 1810 5113 prava
1833 5045 1918 5101 corri-
1961 5048 1965 5055 '

1089 5126 1211 5191 guntur,
1221 5126 1249 5178 et
1263 5140 1357 5195 parva
1371 5126 1551 5192 nutriuntur,
1566 5133 1595 5183 et
1605 5143 1718 5201 magna
1729 5130 1918 5190 oblectantur

1089 5210 1218 5282 ingenia.
1233 5212 1281 5270 llle
1297 5213 1366 5270 huic
1391 5214 1533 5272 doctrinae
1561 5217 1702 5274 inimicus
1715 5226 1760 5276 est
1783 5224 1912 5291 animus,

1087 5301 1139 5373 qui
1153 5301 1198 5356 vel
1213 5304 1341 5359 errando
1353 5306 1520 5361 eamnescit
1531 5320 1597 5362 esse
1606 5306 1852 5379 saluberrimam,
1871 5309 1914 5367 rel

1087 5388 1147 5446 odit
1162 5392 1337 5463 aegrotando
1357 5393 1553 5453 medicinam.

1116 5569 1125 5600 ¹
1141 5567 1207 5617 Edd.
1221 5570 1358 5628 omittunt,
1385 5571 1596 5634 quenadmodum
1617 5572 1751 5637 diligende
1761 5580 1839 5635 mat,
1850 5589 1913 5691 π

202 5675 398 5752 figurabatur,
412 5681 516 5755 templi
528 5682 624 5756 ipsius
637 5683 791 5739 eversione
806 5680 958 5741 tolluntur.
975 5683 1029 5741 lle-
1081 5630 1310 5759 rvgpgriugtmffnc'
1325 5647 1453 5699 mum
1467 5638 1496 5686 οι
1508 5635 1834 5701 mwpoemdfflww·
