3952 6128
214 188 284 246 roeo
857 168 1278 234 s.lucusrm1ee1scoe1
1858 174 1925 237 ιιιι

216 312 307 372 audio
322 325 382 369 non
397 313 573 373 tacere,non
585 318 635 360 me
649 302 857 361 luisseausnm
873 302 928 362 tibi
941 303 1040 361 dicere
1094 315 1150 358 nos
1161 299 1254 357 latine
1264 298 1468 373 loqueremur,
1478 300 1587 360 etillud
1597 301 1925 375 gracumesmtprius

216 402 309 461 fidem
325 413 435 465 meam,
454 395 501 451 his
516 392 620 450 litteris
635 392 738 466 accipe
758 392 842 467 quod
856 398 885 450 et
899 397 932 450 tu
945 393 1040 464 leges,
1094 388 1292 464 quaerendum
1305 404 1371 447 esse
1384 389 1458 464 quid
1474 391 1511 448 sit
1522 392 1655 465 ὁμιὺτιιν,
1672 396 1701 450 ιι
1715 394 1794 448 tunc
1809 389 1926 462 exigam

219 496 248 549 et
261 491 307 547 cui
320 484 449 545 volueris
471 482 634 556 legendum
648 482 760 550 tradas,
777 486 807 540 et
820 482 903 555 quod
914 479 1042 539 volueris
1095 479 1168 537 dum
1185 478 1259 536 utin
1276 477 1369 535 Libris
1390 481 1504 539 sanctis
1517 481 1738 539 ostenderetur.
1751 481 1798 536 'lu
1812 485 1927 547 contra,

216 578 344 637 vicissim
368 572 529 632 scribendo
550 572 614 647 ipse
630 571 829 645 respondeas.
846 571 984 645 Iniquum
999 574 1043 628 est
1095 571 1223 626 verbum
1237 567 1337 641 ipsum
1353 568 1458 627 crebro
1470 577 1618 645 repetens,
1630 575 1661 628 et
1672 569 1828 627 invidiose
1841 569 1929 626 venti·

217 668 298 726 enim
312 665 480 739 utquisque
493 662 531 719 de
544 661 603 719 alio
615 660 752 735 judicare
765 660 844 734 velit,
868 666 897 718 et
913 658 1043 733 judicari
1094 657 1175 723 lens,
1187 661 1277 731 atque
1292 657 1322 713 in
1335 658 1470 716 conciliis
1486 660 1637 733 majorum
1653 664 1834 717 nostrorum
1847 674 1930 717 cons·

217 755 256 814 ἀι
271 772 302 812 ⁸⁰
317 752 402 813 ⁰⁰¹¹&
1095 746 1224 819 criptum
1253 761 1507 817 commemorans,
1524 749 1718 807 vehementer
1746 748 1883 822 urgebas
1900 755 1929 807 ut

253 849 280 902 2.
297 847 330 902 ιιι
343 843 381 900 de
396 840 542 916 preterito
566 839 689 912 quidem
705 838 816 912 placito
831 842 945 905 nostro,
961 835 1045 910 quod
1096 834 1197 908 ipsum
1212 835 1337 892 omnino
1352 837 1477 895 verbum
1491 839 1575 912 quod
1589 843 1635 896 est
1649 839 1792 911 ὁμιύτιιι,
1804 838 1837 895 in
1850 853 1928 895 sanc·

219 935 358 992 condicto
372 930 537 989 meridiano
553 928 678 1001 implere
690 927 822 993 noluisti,
837 926 921 983 facile
941 925 1044 983 existi·
1096 924 1134 982 tis
1145 924 1241 981 Libris
1255 925 1485 984 ostenderemus
1498 946 1507 999 ;
1522 927 1609 985 nobis
1619 929 1715 985 etiem
1729 932 1828 1001 etque
1842 928 1927 985 etiem

219 1024 297 1083 mari
318 1026 416 1097 potest
428 1019 496 1093 quis
510 1023 646 1075 nostrum
662 1016 731 1073 lidei
747 1032 809 1072 sure
824 1015 967 1072 fiduciam
983 1029 1044 1072 non
1096 1012 1318 1080 revocantibus,
1330 1013 1517 1087 quialingue
1528 1021 1632 1075 nostra
1642 1032 1748 1088 graece
1761 1032 1829 1074 non
1844 1022 1927 1083 esset,

220 1112 359 1171 babuerit
374 1124 382 1166 ι
399 1114 499 1165 ιιιιιιιιι
519 1105 572 1179 qui
583 1104 701 1162 volebat
713 1104 908 1170 utdieeretur,
924 1103 1046 1161 ettime·
1097 1101 1486 1175 priusinterpratendumct
1497 1105 1714 1179 exponendum
1732 1121 1801 1162 esse
1814 1106 1889 1179 quid
1898 1106 1929 1163 sit

220 1203 273 1262 bat
288 1217 326 1258 ne
341 1202 489 1257 teneretur
498 1213 507 1263 ;
524 1209 563 1252 an
576 1194 628 1268 qui
641 1210 739 1267 usquc
754 1194 831 1252 adeo
845 1192 967 1250 nolebat
977 1208 1046 1250 eam
1097 1193 1232 1265 ὀμιὺσιιι,
1249 1198 1312 1248 tum
1332 1192 1456 1251 demum
1470 1195 1501 1251 in
1520 1195 1631 1252 divinis
1650 1193 1772 1252 Litteris
1784 1195 1929 1269 requiran-

220 1284 577 1364 diseeptantiumjudicio
588 1283 932 1351 sulitrehi,utmandata
942 1281 1046 1340 litteris
1097 1281 1186 1339 dum:
1202 1281 1276 1356 quia
1287 1281 1341 1338 etsi
1354 1280 1600 1341 tortassenoman
1616 1284 1725 1356 ipsum
1740 1299 1806 1341 non
1821 1285 1928 1343 inveni·

220 1381 308 1440 vellet
322 1379 412 1437 etiem
427 1374 590 1447 legentium
607 1375 761 1430 memoriae
776 1371 992 1438 commendari,
1008 1386 1046 1429 ne
1098 1377 1189 1437 retur,
1202 1386 1250 1428 res
1265 1375 1365 1428 umen
1379 1371 1446 1446 ipsa
1467 1373 1663 1431 inveniretur.
1685 1373 1774 1443 Quid
1793 1380 1842 1429 est
1856 1373 1930 1432 enim

219 1472 384 1546 quisquam
396 1465 442 1523 vel
460 1464 611 1522 oblivione
630 1463 780 1535 opinatus,
797 1461 844 1518 vel
858 1460 1046 1518 dissensione
1099 1459 1326 1527 contentiosius,
1338 1475 1443 1534 quam,
1464 1461 1516 1519 ubi
1530 1462 1755 1531 dereeonstst,
1767 1468 1886 1521 certare
1898 1463 1929 1521 ds

220 1562 362 1625 irritatus,
382 1556 492 1613 diceret
505 1555 544 1610 ab
559 1551 661 1625 aliquo
677 1556 815 1608 nostrum
831 1557 957 1607 autnon
981 1565 1047 1608 esse
1098 1548 1249 1607 nominc?

221 1651 335 1707 dictum
348 1646 431 1720 quod
446 1644 561 1700 dictum
581 1647 654 1712 erat,
680 1646 732 1698 aut
750 1640 864 1697 dictum
879 1656 944 1697 esse
962 1639 1047 1713 quod
1135 1643 1161 1696 t.
1178 1638 1247 1696 Hac
1258 1653 1330 1710 crgo
1345 1639 1416 1712 quie
1432 1640 1507 1697 inter
1523 1656 1578 1699 nos
1590 1641 1657 1712 jam
1675 1639 1830 1699 collocuti
1844 1641 1932 1700 luera·

221 1740 336 1796 dictum
351 1751 409 1793 non
438 1740 509 1790 eret.
525 1735 556 1787 ln
571 1731 617 1787 his
631 1730 712 1786 enim
732 1728 828 1788 solent
841 1728 972 1786 latebras
985 1744 1046 1787 sues
1098 1744 1177 1796 mus,
1189 1732 1388 1801 posteaquam
1399 1728 1479 1786 adid
1491 1736 1612 1786 ventum
1623 1735 1669 1787 est
1681 1735 1717 1789 ut
1732 1730 1830 1788 fldem
1846 1737 1931 1800 tuam,

221 1829 311 1887 mela
325 1823 508 1883 detensionis
521 1820 682 1894 inquirere,
696 1820 749 1891 qui
763 1819 963 1876 contentionis
976 1823 1048 1877 sunt
1099 1817 1176 1874 sicut
1188 1818 1432 1885 commemoravi,
1449 1817 1606 1886 scriberes,
1620 1834 1813 1893 quanquam
1825 1820 1931 1880 nilrilin

221 1917 391 1990 cupidiores
403 1928 496 1987 quem
506 1910 646 1967 veritatis.
662 1911 722 1966 lloc
738 1913 838 1966 autem
852 1924 935 1966 neca
950 1913 976 1965 te
991 1923 1047 1966 nec
1098 1907 1141 1963 eis
1151 1906 1394 1964 verbisviderem
1404 1912 1514 1964 nostres
1528 1906 1598 1965 lidai
1613 1924 1681 1966 esse
1693 1910 1897 1977 contrarium,
1907 1916 1932 1968 et

220 2025 240 2066 a
254 2021 363 2065 menec
375 2004 413 2061 de
424 2007 450 2059 te
465 2017 521 2058 nec
535 2000 627 2056 deme
637 1999 693 2056 dici
710 2002 820 2072 posset,
837 1998 861 2053 si
871 1997 967 2054 infide
978 2012 1048 2054 cou-
1100 2000 1258 2069 propterea
1273 2012 1320 2053 me
1335 1996 1465 2053 dicerem
1485 2002 1626 2071 paratum
1638 2014 1709 2055 esse
1724 1998 1930 2065 subscribam

219 2096 290 2154 dicti
303 2108 505 2169 permaneres,
523 2094 553 2146 ut
566 2091 658 2145 verbe
680 2092 783 2144 nostre
797 2087 1004 2159 exciperentur
1018 2091 1047 2145 et
1098 2084 1235 2159 quaesivi,
1252 2088 1283 2141 ιιι
1305 2084 1376 2156 dixi,
1396 2091 1494 2141 utrum
1518 2086 1672 2160 Scriptura
1703 2088 1759 2144 nai
1774 2090 1933 2147 (sonum

221 2185 421 2244 scriberentur
441 2197 448 2248 ;
465 2179 628 2254 praesertim
640 2177 714 2247 quia
733 2183 764 2233 tu
777 2176 884 2249 ipsein
899 2175 935 2232 iis
947 2175 1046 2232 verbis
1098 2174 1156 2232 hoc
1170 2175 1308 2232 verbnm.
1325 2175 1408 2248 quod
1420 2176 1511 2233 Peter
1530 2182 1602 2234 esset
1616 2176 1781 2249 inpertitus
1801 2195 1812 2234 .·
1828 2185 1931 2239 etcum

219 2275 331 2349 quibus
348 2273 440 2329 fidem
454 2276 535 2326 tuam
546 2266 756 2340 pronuntiasti,
776 2264 894 2339 quotics
913 2281 949 2322 ea
962 2280 1046 2339 repe·
1098 2263 1242 2337 scriptum
1265 2279 1332 2321 esse
1352 2264 1552 2339 repondisses,
1573 2265 1742 2323 instantius
1762 2268 1932 2341 quaerebam

219 2365 287 2430 tisti,
302 2362 388 2420 toties
409 2359 539 2422 variasti,
554 2355 638 2430 quod
651 2354 733 2413 nulle
746 2354 836 2412 eredo
857 2353 973 2425 fraude,
992 2353 1046 2412 sed
1098 2353 1323 2412 utostenderes.
1334 2353 1416 2410 Tune
1430 2369 1507 2410 unus
1522 2370 1558 2411 ex
1570 2354 1606 2412 iis
1616 2356 1669 2429 qui
1684 2356 1835 2426 aderent,
1845 2373 1931 2433 quan

218 2454 369 2512 0blili0¹¹e
383 2450 495 2507 facium
508 2462 584 2503 ⁰⁸⁸0·
1098 2447 1161 2501 tum
1175 2443 1399 2514 intelligidetur,
1410 2442 1480 2500 fidei
1493 2448 1551 2500 tuoe
1567 2444 1736 2511 socius,eit
1751 2447 1849 2508 mihi:
1865 2447 1932 2517 Qud

254 2543 281 2599 3.
295 2535 588 2611 Namprimodixisti
601 2533 721 2591 credere
734 2538 761 2591 te
774 2533 909 2591 inlicem
924 2532 1044 2591 Putrem
1097 2548 1167 2605 erqo
1179 2532 1194 2589 ι
1215 2539 1248 2589 tu
1268 2539 1384 2604 putrem
1403 2531 1532 2605 emirum
1546 2532 1623 2590 diris
1636 2533 1651 2591 ι
1666 2536 1834 2609 Respondi
1850 2554 1858 2593 ι
1874 2540 1929 2594 tion

219 2621 1043 2702 οιιιιιροιιιιιιιιι,ιἰιιιιιιιιιιι,ιιιιιιιιιιιιιιαραιίιιιιι
1096 2622 1175 2679 ιιιιο.
1188 2621 1275 2679 Ειιιιι
1292 2621 1338 2678 :Si
1348 2637 1418 2694 erpo
1429 2621 1547 2694 penites
1560 2639 1621 2681 eoa
1637 2629 1695 2690 est,
1713 2625 1930 2700 inquietasque

216 2729 246 2789 ,et
261 2719 292 2777 in
305 2720 403 2775 lesem
419 2714 571 2774 Christum
585 2712 695 2770 dilium
709 2715 772 2783 ejas
786 2713 881 2768 Deum
901 2713 922 2777 ¹,
937 2718 1043 2768 nutum
1094 2711 1246 2785 inpertitus
1258 2717 1311 2769 est.
1327 2711 1380 2769 Cui
1395 2725 1452 2782 ego
1469 2728 1475 2768 :
1493 2710 1753 2786 Vides,inquam,
1768 2731 1864 2788 pom
1874 2715 1928 2773 fleri

218 2816 289 2869 onte
310 2807 428 2873 secato,
453 2819 605 2876 perquem
621 2802 708 2872 sacto
731 2807 797 2858 sunt
823 2800 924 2858 omnic
943 2807 995 2872 ;et
1010 2801 1042 2857 in
1097 2806 1129 2858 ut
1140 2800 1229 2858 etiam
1248 2800 1286 2857 de
1301 2800 1392 2859 verbo
1404 2800 1486 2874 quod
1499 2799 1529 2858 in
1545 2800 1707 2874 Scriptura
1732 2804 1866 2863 ticinen
1882 2810 1927 2877 est,

217 2899 364 2971 Spiritum
377 2900 526 2954 sonetum.
542 2893 658 2959 Quibus
684 2906 739 2962 ego
753 2890 872 2961 auditis,
898 2906 967 2947 eum
982 2906 1044 2946 res·
1094 2890 1238 2948 reddatur
1251 2896 1352 2947 temen
1366 2890 1442 2947 ratio
1455 2889 1535 2947 unde
1562 2893 1642 2947 recte
1662 2890 1730 2949 diei
1745 2894 1925 2952 ostendetm.

217 2988 394 3063 pondissem
413 2986 551 3041 nondum
566 2999 584 3039 e
599 2987 626 3037 te
636 2979 806 3055 quidquem
821 2979 936 3036 dictum
959 2977 1042 3052 quod
1096 2979 1142 3037 Sic
1156 2995 1227 3053 ergo
1239 2984 1268 3036 et
1280 2980 1416 3052 όμιὺιιιν,
1425 2978 1508 3052 quod
1521 2978 1553 3036 in
1562 2979 1752 3039 auctoritato
1764 2982 1926 3042 divinorum

217 3094 289 3137 meae
302 3076 374 3133 fidei
388 3075 579 3146 repugnaret,
588 3077 617 3128 et
628 3069 707 3136 ideo,
720 3068 746 3125 si
756 3085 793 3126 aa
801 3067 981 3142 scripsisses,
993 3083 1042 3124 me
1095 3067 1746 3141 Librorumrogabamurostendere,atiamsi
1752 3072 1925 3131 vocabulum

216 3165 264 3224 his
282 3166 371 3223 etiam
385 3177 474 3237 possa
487 3159 676 3217 subscribere
694 3178 701 3226 3
721 3157 833 3215 adhoc
853 3158 953 3214 nescio
968 3171 1041 3230 quo·
1094 3156 1194 3232 ipsum
1208 3157 1248 3214 ibi
1260 3173 1322 3215 non
1332 3157 1534 3224 inveniemus,
1544 3155 1718 3231 deriposse
1736 3160 1924 3219 utilludinvs

216 3255 369 3313 moderes
386 3251 530 3326 perducta
542 3253 595 3314 est,
617 3253 649 3304 ut
662 3253 787 3320 accepta
800 3247 914 3315 charta,
926 3261 960 3303 ea
976 3247 1043 3318 ipse
1094 3246 1215 3305 niemus
1229 3248 1278 3305 oui
1294 3247 1352 3305 boo
1366 3245 1548 3304 vocabulum
1566 3252 1647 3304 recte
1662 3248 1847 3308 adhibitum
1857 3250 1924 3325 jndi-

216 3362 286 3420 quae
301 3345 431 3410 dixeras,
442 3339 534 3397 velles
548 3337 640 3394 etiam
654 3335 759 3394 litteris
773 3343 825 3394 tua
836 3351 931 3393 manu
943 3335 1043 3409 expri-
1094 3341 1187 3395 cetur.

216 3449 308 3492 mere.
322 3430 409 3500 Quod
422 3445 492 3486 cum
505 3427 578 3483 mihi
591 3424 803 3496 adlegandum
818 3424 965 3492 dedisses,
980 3424 1042 3482 ani·
1131 3430 1157 3482 d.
1174 3425 1289 3493 ouibus
1298 3424 1395 3492 dictis,
1406 3423 1480 3499 quid
1494 3423 1565 3481 hine
1574 3424 1629 3482 tibi
1644 3425 1812 3486 rideretur
1824 3430 1923 3487 attendi
1966 3476 1968 3499 ÷

216 3519 474 3582 msdtcrtiminus
489 3522 518 3573 te
533 3515 700 3589 scripsisse,
717 3516 851 3583 Patrem,
864 3530 933 3571 cum
946 3514 1043 3588 scrip·
1095 3516 1281 3582 nteudircm,
1292 3518 1321 3572 ct
1335 3513 1412 3581 aisti,
1425 3515 1513 3572 Recte
1523 3514 1722 3585 seetumesse
1737 3524 1772 3575 ιιι
1785 3519 1922 3593 inpastus

218 3615 319 3679 sisses,
345 3612 440 3667 Deum
464 3606 705 3675 omnipotentem,
725 3603 913 3670 invisibilem,
930 3603 1042 3676 inponi·
1094 3605 1209 3663 Pater'
1198 3620 1229 3661 m
1242 3603 1408 3674 seripturis
1424 3604 1535 3661 sanctis
1553 3619 1615 3661 nors
1636 3604 1814 3675 diceretur,
1831 3624 1868 3667 m
1889 3608 1922 3664 ιι

219 3708 292 3768 tem,
304 3703 450 3758 inactum.
466 3696 551 3765 Quod
567 3695 618 3752 ubi
635 3693 879 3764 commemoravi,
895 3708 956 3750 non
972 3699 1040 3765 post
1094 3696 1142 3753 vet
1157 3690 1547 3763 tolioeriorieretiajerie
1564 3693 1652 3764 Ergo,
1672 3694 1822 3770 inquam
1846 3696 1969 3753 mod,

217 3788 560 3860 multamallegstronem
568 3782 721 3848 addidisti
728 3782 880 3840 Pctremet
888 3781 1042 3853 ιιιιιιαιι
1092 3784 1172 3842 lacte
1185 3782 1344 3856 estinjurie
1359 3784 1429 3848 ilco,
1443 3781 1535 3838 ethoc
1550 3796 1645 3839 manu
1656 3787 1727 3844 tua
1744 3786 1919 3853 Quoeudito
1965 3760 1969 3873 i

218 3885 275 3941 lem
294 3880 428 3954 quidem,
441 3876 524 3950 quod
541 3873 637 3931 verbis
650 3873 778 3943 dixeras,
795 3871 906 3945 scripto
920 3879 1041 3945 prater·
1093 3872 1200 3929 lateri
1189 3888 1254 3944 Jem
1266 3869 1381 3944 coepisti
1397 3871 1406 3907 ¹
1418 3886 1473 3927 nec
1483 3875 1509 3927 te
1518 3869 1575 3927 hoo
1587 3869 1691 3928 dicere
1707 3872 1919 3934 debuissessl

217 3972 344 4045 miseras
362 3989 368 4037 ;
383 3967 437 4025 sed
450 3965 534 4023 nulle
548 3964 619 4021 binc
634 3979 654 4022 e
666 3960 806 4020 melecta
820 3976 1042 4021 commemora·
1093 3977 1163 4020 cum
1177 3962 1373 4019 admonerem
1386 3963 1429 4028 ut,
1443 3976 1467 4016 ιι
1459 3959 1530 4017 tihi
1549 3958 1607 4016 tale
1617 3959 1783 4021 videretur
1797 3965 1857 4022 hoc
1868 3978 1920 4021 ver·

217 4061 258 4116 ²¹⁰
273 4063 328 4114 ⁰⁸1·
1092 4053 1168 4111 hum
1187 4056 1218 4108 ut
1237 4050 1277 4108 ad
1292 4050 1342 4107 Dei
1358 4048 1538 4123 pertineret
1530 4048 1689 4121 injuriam,
1717 4051 1840 4111 dalem
1861 4052 1920 4111 mat

218 4134 224 4145 ’
252 4147 280 4202 ι.
297 4144 408 4202 Deinde
422 4158 491 4199 cum
506 4141 648 4198 dixissem
659 4155 708 4195 me
723 4145 862 4211 peratum
875 4154 939 4196 csse
954 4140 1042 4198 subs·
1093 4142 1164 4200 inde
1179 4141 1230 4198 ubi
1244 4140 1428 4212 scripseras,·
1443 4137 1653 4205 considerasti,
1671 4141 1783 4210 credo,
1800 4140 1920 4217 pamm

219 4235 331 4292 cribere
351 4232 452 4289 adhue
472 4230 523 4286 ills
546 4229 638 4285 verbe
654 4228 746 4285 etiam
768 4243 837 4285 mea
859 4244 926 4284 esse
941 4245 1039 4302 posse,
1092 4229 1392 4301 rectadici,etposse
1404 4226 1523 4284 detondi
1539 4231 1586 4296 ;et
1605 4242 1718 4285 rursus
1737 4231 1810 4289 aisti
1827 4233 1918 4289 :pm

216 4324 300 4399 prins
314 4320 451 4397 quesivi,
466 4334 504 4376 ne
522 4318 603 4392 quod
619 4318 650 4374 in
667 4321 798 4373 mentem
815 4322 944 4383 venerat,
960 4317 1042 4377 labe·
1093 4335 1205 4391 suseqo
1219 4317 1447 4375 terreorum
1462 4330 1519 4388 ego
1532 4314 1706 4389 illudquod
1715 4317 1787 4391 jam
1798 4320 1918 4378 dim„

215 4420 307 4480 retur,
324 4408 542 4470 utrumelicubi
553 4408 774 4480 Scripturarum
784 4405 954 4463 divinarum
964 4407 1041 4480 lege·
1093 4403 1919 4483 repetivi,ttafierip0sseutetlsmo'pousasnequescrlp

216 4511 307 4573 reiut,
328 4503 418 4560 Pater
443 4498 602 4570 inpertitus.
630 4496 691 4554 llos
712 4502 815 4554 eutem
831 4496 897 4563 leci,
917 4497 989 4572 quia
1011 4499 1041 4555 in
1093 4503 1157 4557 tum
1173 4497 1204 4555 in
1220 4496 1332 4555 sanctis
1345 4494 1447 4569 pagini
1461 4493 1641 4560 inveniatur,
1654 4501 1687 4553 et
1703 4499 1918 4556 remanerem

216 4595 337 4652 exordio
353 4590 501 4647 sermonis
524 4589 617 4645 nostri
637 4602 708 4643 cum
730 4585 815 4642 erius
830 4593 859 4641 et
877 4586 1041 4643 Eunomius
1092 4587 1124 4645 in
1145 4586 1310 4645 assertione
1329 4583 1399 4641 fidei
1416 4583 1594 4640 detondetur
1618 4597 1626 4651 ;
1655 4584 1742 4643 siout
1762 4586 1918 4646 Patrenis

216 4680 444 4740 commemorati
458 4681 567 4744 esseut,
582 4692 642 4733 non
661 4692 680 4733 e
696 4690 754 4741 me,
770 4674 822 4732 sed
839 4673 958 4732 afratre
973 4692 1040 4732 meo
1092 4675 1149 4733 illis
1163 4676 1258 4732 Libris
1270 4689 1423 4747 nusquam
1432 4671 1596 4745 inpartitum
1612 4671 1766 4744 legimus,
1792 4683 1823 4735 et
1834 4682 1918 4735 ιιιιιι

213 4772 331 4845 Alypio,
343 4768 509 4840 requirente
521 4780 687 4838 quamnam
700 4779 805 4821 eorum
821 4768 941 4820 secutus
961 4770 1040 4822 esset
1092 4765 1256 4823 dicendum
1281 4780 1347 4821 esse
1372 4761 1551 4820 detenditur·
1565 4764 1649 4819 Tunc
1665 4778 1687 4821 a
1710 4779 1764 4823 me
1784 4767 1916 4829 charum,

213 4860 387 4923 buxentina,
410 4858 463 4930 qui
477 4855 529 4912 aba
550 4861 578 4912 lo
592 4854 688 4911 luerat
711 4868 771 4909 non
789 4867 883 4925 perva
896 4853 1039 4925 pradica·
1090 4871 1185 4930 quam
1200 4854 1336 4920 dederas,
1351 4851 1496 4911 abstulisti
1518 4856 1547 4908 at
1562 4852 1755 4912 conscidisti.
1772 4857 1810 4913 lit
1822 4856 1917 4915 eonsti-

214 4952 293 5010 tione
314 4947 456 5006 laudatus
484 4965 493 5015 ι
513 4941 713 5001 exclamando
736 4941 993 4999 anathematizasti
1009 4947 1040 5001 et
1090 4946 1214 5011 tuimus,
1227 4948 1296 5018 post
1310 4941 1510 4999 meridianum
1522 4948 1644 5013 tempus
1669 4948 1705 5001 ut
1716 4944 1864 5004 adessent
1876 4959 1917 5002 no-

213 5042 318 5098 ltrium
338 5045 366 5094 et
380 5034 560 5094 Eunomium
576 5048 585 5090 ι
602 5039 665 5089 tum
689 5031 833 5089 continuo
848 5030 989 5101 flagitasti
1006 5039 1039 5089 ut
1091 5034 1156 5092 terii
1171 5033 1210 5091 ad
1225 5031 1402 5106 excipienda
1420 5030 1513 5089 verba
1527 5033 1640 5096 nostre,
1667 5035 1767 5106 atqua
1788 5035 1915 5093 inam

212 5137 242 5188 et
260 5145 314 5186 nos
336 5124 660 5185 anathematizaremus
686 5122 818 5194 ὁμιὺτιιν,
842 5121 931 5194 quasi
956 5122 1038 5194 quis·
1089 5124 1156 5193 iste,
1171 5126 1321 5197 quantum
1334 5134 1503 5195 possemus,
1517 5116 1698 5191 diligentius
1719 5125 1916 5191 tractamus·

211 5234 305 5292 quam
319 5218 409 5274 bomo
426 5219 511 5282 esset,
527 5212 580 5286 qui
592 5211 651 5267 hoc
669 5215 838 5279 vocaretur,
859 5208 1036 5267 eleuterius
1125 5213 1152 5268 7.
1168 5211 1322 5278 Venimus,
1334 5215 1366 5266 ut
1375 5207 1466 5279 nosti,
1479 5207 1632 5266 adhoram
1640 5211 1840 5280 condictam,
1849 5218 1916 5270 nob·

210 5307 426 5367 etLunomius.
446 5301 556 5360 Deinde
568 5300 759 5357 vehementer
775 5296 919 5368 exigebas
933 5302 966 5354 ut
978 5299 1037 5357 hoo
1089 5303 1149 5361 rios
1160 5300 1362 5369 adduximus;
1378 5306 1410 5357 ut
1429 5303 1459 5356 et
1479 5296 1521 5356 tul
1538 5296 1696 5367 adessent,
1719 5302 1915 5362 samaim,

209 5397 334 5455 verbum
351 5394 402 5452 tibi
416 5395 446 5450 in
463 5390 621 5465 scripturis
635 5388 875 5455 ostenderemus,
892 5392 920 5444 et
934 5389 1036 5447 statim
1088 5392 1189 5449 Dixisti
1201 5407 1304 5448 rursus
1319 5388 1512 5458 fidemtuam,
1529 5387 1664 5462 atquain
1677 5392 1786 5449 verbis
1796 5392 1857 5450 tuis
1867 5402 1915 5449 u

210 5486 299 5543 nobis
308 5485 558 5542 communicares.
570 5476 954 5552 Respondeoaturenobis,
963 5477 1037 5552 quis
1087 5480 1191 5540 audivi
1204 5480 1370 5553 inpositam
1383 5478 1515 5537 Patrem.
1534 5476 1630 5534 Credo
1645 5479 1737 5552 quod
1749 5478 1913 5556 sagium

216 5646 223 5661 ·
239 5647 248 5681 ι
263 5644 488 5721 ιιον.,ιιιιιιιιιιιι,
500 5647 541 5696 dl.
552 5643 618 5699 aad.
631 5644 694 5694 dm.
703 5640 745 5692 Er.
759 5641 786 5692 et
797 5650 844 5691 aex
854 5639 986 5701 ιιιι.,1)ιιι
997 5654 1035 5703 ιιι,
1087 5571 1161 5647 qum
1171 5570 1339 5627 mdemm
1349 5567 1467 5703 dietum,
1478 5565 1577 5633 ‘uem'
1587 5570 1619 5625 a
1631 5580 1816 5641 mmo
1831 5568 1914 5631 'du'
1932 5580 1943 5685 ,Ι

208 5710 314 5771 monus,
330 5719 363 5760 ex
376 5720 405 5760 u.
418 5708 442 5761 ι.
1117 5696 1126 5734 ¹
1142 5693 1210 5756 aad.
1227 5694 1286 5747 am.
1301 5693 1345 5751 lle.
1363 5696 1390 5745 et
1401 5691 1523 5761 plerique
1538 5686 1616 5753 Ιιι..
1627 5692 1722 5761 erepit.
1771 5778 1776 5785 ι

1930 5756 1937 5815 ι

1927 5840 1934 5859 t
