3952 6128
798 150 830 210 S.
851 146 1042 209 AUGUSTlNl
1062 149 1221 210 EPlSCOPl
1814 153 1874 215 {20

157 161 209 216 tle

155 267 233 323 nobis
253 265 343 339 :qnod
356 263 599 334 nondisfidosore.
621 262 714 317 siluis
741 276 784 317 me
813 260 982 316 orationibus
1041 260 1870 334 nuncqnodvideorrespondissedebitorsum,nondico

155 357 276 428 adjuves,
291 357 369 427 cajus
384 355 538 409 imitatione
548 350 675 406 nonnibit
682 352 745 422 jam
753 349 865 422 proieci,
877 353 907 404 at
919 348 982 403 talis
1039 349 1201 418 charitatis,
1212 366 1305 422 quem
1316 355 1399 408 tanto
1414 351 1510 423 magis
1517 352 1664 409 debemus
1675 359 1792 428 quanto
1805 370 1870 412 am·

154 463 210 502 esse
224 445 381 501 desiderem.
402 441 476 497 Vides
501 439 566 512 quid
582 441 678 509 sarias,
694 440 764 511 quod
788 440 828 495 sio
846 437 930 493 bonas
943 452 979 503 es,
1040 437 1536 513 pliusimpenderimus,ouJ'nsnos
1548 443 1870 515 perpetuosdebitorea

154 553 237 607 auam
246 550 294 588 aas
308 533 401 603 rapias
413 532 440 586 in
452 546 573 586 amorem
581 532 714 602 proximi,
733 528 862 601 qainobis
873 528 981 598 primus
1038 527 1450 600 ostenditllpostolnsdiceus,
1461 530 1571 586 Nemini
1580 531 1729 604 quidquam
1738 531 1871 605 debeatis,

154 625 190 680 ad
208 623 380 679 dilectionem
395 623 444 677 tiri
462 625 488 677 et
503 621 616 676 ultimas
631 619 731 692 aradus
746 628 794 684 est,
808 625 833 674 et
854 617 934 689 quasi
948 616 981 671 tr·-
1037 617 1129 671 nisiat
1142 617 1553 691 irroieemdilipatis(Romam,
1567 620 1612 690 8l3
1626 621 1871 696 scdipsiuscpie·

153 729 210 769 mes
225 713 337 784 quesibi
346 715 460 782 uterque
472 714 629 766 annectitur
642 711 690 766 llei
698 714 725 766 et
732 708 856 781 proximi
867 725 878 772 ,·
888 710 916 760 in
927 720 980 777 qao
1038 704 1104 760 lolee
1113 708 1186 761 tum:
1199 707 1409 779 quandoenim
1421 707 1568 765 sullioiarn
1578 711 1871 778 tuaesuavitati,tau·

152 817 212 870 mos,
229 805 260 857 ut
270 801 342 870 diei,
358 803 437 872 quasi
452 800 540 854 limite
551 805 653 855 stantes
663 798 806 855 amborum
818 795 908 852 calore
918 801 979 850 ton·
1037 798 1136 866 taeque
1151 794 1286 853 aviditati
1299 795 1394 851 animi
1403 796 1456 863 tui,
1467 813 1561 870 quam
1576 798 1649 854 mihi
1659 798 1735 857 lecta
1750 801 1870 859 nuntia·

151 893 255 962 pimar,
275 895 302 947 et
320 890 463 946 aimborum
489 891 638 960 depromas
663 902 766 945 amore.
781 887 832 943 Sed
844 886 980 957 quantum
1037 882 1079 938 vit
1087 882 1102 938 ‘l
1111 884 1182 940 Rem
1194 884 1318 958 quidem
1330 884 1403 941 mihi
1413 886 1443 940 in
1451 891 1478 942 te
1488 887 1675 944 notissimam
1681 888 1868 963 insinuantia

1035 977 1243 1030 verumtamen
1264 975 1317 1029 etsi
1330 989 1389 1031 non
1408 975 1480 1031 milri
1505 976 1546 1032 rei
1574 992 1660 1034 novae
1675 976 1866 1047 insinuatrix,

1035 1076 1115 1117 nova
1129 1066 1230 1120 tamen
1251 1064 1462 1136 rescriptorum
1476 1066 1605 1122 exactrix
1621 1065 1684 1123 luit.

1070 1154 1096 1206 2.
1112 1151 1224 1208 lllraris
1235 1150 1362 1210 fortasse
1372 1169 1426 1210 cur
1438 1169 1486 1210 me
1497 1154 1589 1228 hujus
1599 1155 1691 1213 debiti
1700 1157 1867 1228 persoluto·

1034 1241 1251 1312 remimparem
1264 1241 1374 1312 dicam,
1382 1258 1450 1298 cum
1460 1249 1489 1300 tu
1496 1243 1654 1302 demetam
1663 1246 1865 1305 multnmsen·

1035 1328 1160 1402 tins‚qui
1176 1346 1224 1386 me
1238 1336 1385 1406 tanquam
1400 1333 1503 1389 anima
1513 1349 1582 1390 mea
1592 1334 1727 1391 noveris:
1739 1334 1794 1391 sed
1807 1337 1864 1395 hoe

1033 1415 1133 1488 ipsum
1149 1423 1194 1474 est
1209 1419 1291 1491 qarod
1314 1419 1385 1476 mihi
1402 1434 1546 1492 magnam
1575 1422 1783 1481 difficultatem
1796 1423 1865 1482 iecit

1033 1506 1347 1578 respondendilltteris
1356 1510 1421 1576 tuis,
1432 1510 1865 1583 quiaetquantusmlhividca-

1033 1594 1075 1650 ris
1091 1608 1183 1667 parco
1196 1595 1423 1671 diccrcprcpter
1437 1600 1651 1658 verecundiam
1667 1605 1800 1669 tuamet
1810 1604 1863 1661 uli·

1033 1696 1092 1754 que
1108 1685 1207 1739 minus
1222 1685 1362 1752 dicendo,
1373 1702 1444 1743 cum
1458 1692 1489 1744 tu
1500 1688 1531 1744 in
1548 1704 1596 1745 me
1607 1693 1723 1746 tantam
1738 1691 1863 1750 laudem

1033 1771 1204 1842 contuleris,
1220 1772 1292 1846 qnid
1304 1775 1360 1830 nisi
1371 1775 1489 1833 debitor
1499 1778 1664 1835 remanebo
1675 1778 1690 1836 ‘l
1702 1780 1790 1846 Quod
1802 1797 1863 1838 non

1032 1875 1179 1929 curarem,
1197 1860 1221 1917 si
1237 1877 1272 1919 aa
1286 1878 1354 1934 quse
1369 1863 1406 1920 de
1423 1881 1470 1921 me
1485 1866 1523 1921 ad
1536 1883 1584 1922 me
1598 1866 1716 1924 locutus
1730 1871 1787 1936 cst,
1800 1884 1863 1927 non

1032 1964 1068 2005 ex
1083 1949 1227 2008 charitate
1236 1951 1441 2010 sincerissima
1455 1954 1536 2010 diota
1552 1955 1668 2022 scirem,
1685 1957 1738 2013 sed
1755 1957 1863 2016 adula-

1032 2038 1238 2097 tioneinimica
1250 2041 1479 2112 amicitiefloc
1493 2044 1604 2118 quippe
1617 2045 1864 2106 modonecdehi·

1031 2130 1076 2183 tor
1088 2126 1199 2195 fierem,
1216 2130 1289 2203 qula
1300 2129 1540 2203 taliarependere
1551 2149 1611 2190 non
1626 2133 1768 2192 deberem
1785 2154 1791 2186 τ
1807 2139 1861 2195 sed

1029 2222 1145 2289 quanto
1165 2219 1262 2287 magis
1284 2220 1353 2276 novi
1382 2236 1474 2292 quam
1502 2220 1582 2278 lideli
1596 2222 1701 2281 animo
1714 2224 1860 2298 loqueris,

1030 2308 1113 2362 lanto
1133 2307 1230 2378 magis
1245 2308 1329 2365 video
1343 2315 1459 2382 quanto
1471 2309 1573 2368 debito
1588 2327 1704 2382 graver.

1064 2397 1090 2450 ³.
1109 2393 1179 2451 Vide
1191 2397 1368 2468 aulamquid
1377 2397 1449 2454 mihi
1460 2399 1593 2471 contigit,
1603 2405 1635 2457 nt
1648 2417 1696 2458 me
1707 2404 1859 2474 quodam·

1027 2481 1119 2541 modo
1134 2484 1199 2556 ipse
1213 2483 1470 2558 laudaverim,sqai
1483 2503 1531 2544 mc
1542 2503 1560 2544 a
1572 2493 1600 2544 te
1615 2487 1742 2547 fideliter
1752 2491 1859 2551 lauda·

1026 2571 1233 2631 lumdircrim.
1242 2573 1379 2647 Scdquid
1392 2574 1760 2651 aliuddloercm,quamin
1774 2583 1859 2654 quod

1025 2660 1063 2717 de
1072 2665 1099 2717 le
1113 2661 1270 2729 admonui,
1281 2679 1372 2736 quem
1387 2667 1394 2700 ¹
1407 2665 1495 2721 nosti.
1511 2668 1665 2724 liccemihi
1675 2684 1789 2727 novam
1801 2671 1857 2730 ieci

1025 2753 1224 2823 quaestionem
1237 2768 1331 2824 qnam
1345 2758 1376 2809 tu
1391 2769 1450 2810 non
1466 2755 1656 2828 proposuisti,
1670 2763 1699 2815 ct
1713 2774 1783 2816 eam
1800 2760 1857 2818 lor·

1024 2841 1116 2897 lassis
1132 2846 1289 2913 exspectas
1310 2846 1341 2898 ut
1367 2841 1482 2898 solvam
1499 2861 1506 2897 ι
1522 2845 1563 2900 ita
1577 2845 1650 2902 mihi
1666 2862 1777 2919 parum
1792 2859 1857 2907 erat

1023 2930 1107 3002 quod
1125 2929 1242 2987 debitor
1257 2946 1350 2996 eram,
1364 2931 1517 2990 nisietiam
1533 2949 1581 2990 me
1595 2935 1856 3007 ampliorcdebito

1023 3017 1278 3090 ipsccumularem
1287 3020 1854 3099 3quanquamhocfacilesitostendere,

1022 3110 1061 3173 et,
1074 3107 1100 3163 si
1119 3123 1180 3165 non
1192 3107 1361 3175 ostendam,
1377 3108 1463 3167 facile
1480 3111 1648 3179 tibividere,
1664 3122 1693 3171 et
1706 3118 1855 3175 vcrainll·

1021 3196 1124 3254 daliter
1136 3196 1195 3253 dici
1206 3213 1306 3270 posse,
1318 3203 1346 3254 et
1358 3214 1419 3254 non
1427 3215 1496 3256 vera
1502 3200 1636 3258 fideliter.
1649 3204 1703 3269 Oui
1714 3207 1799 3264 enim
1810 3207 1854 3265 sic

1020 3285 1114 3342 credit
1126 3290 1157 3342 ut
1170 3286 1312 3359 loquitur,
1330 3287 1385 3343 atsi
1399 3302 1461 3345 non
1474 3305 1545 3346 vara
1556 3289 1700 3364 loquitur,
1724 3293 1854 3354 fideliter

1019 3373 1172 3447 loquitur3
1192 3375 1244 3449 qui
1269 3380 1370 3432 autem
1396 3392 1457 3434 non
1486 3378 1580 3435 credit
1608 3396 1677 3452 quae
1704 3382 1852 3458 loquitur,

1019 3464 1074 3520 etsi
1098 3463 1326 3537 veraloquitnr,
1351 3464 1512 3523 infideliter
1536 3467 1679 3542 loquitur.
1695 3474 1852 3547 Numquid

1018 3567 1090 3625 ergo
1105 3551 1212 3610 dubito
1224 3553 1309 3627 qnod
1325 3569 1362 3611 ea
1372 3554 1410 3611 de
1424 3558 1585 3615 macredas
1597 3575 1666 3632 quta
1681 3563 1851 3635 scripsisti?

1019 3641 1090 3707 Quae
1105 3657 1175 3698 cum
1188 3642 1218 3698 in
1232 3657 1280 3698 me
1295 3657 1357 3700 non
1372 3659 1516 3716 agnosco,
1530 3647 1651 3720 potuisti
1664 3649 1794 3710 lldeliter
1812 3653 1850 3711 da

1016 3744 1066 3786 mc
1079 3745 1140 3786 non
1159 3745 1230 3787 vera
1249 3729 1357 3788 dicare.

1052 3822 1079 3874 t.
1094 3819 1150 3877 Sed
1166 3818 1236 3876 nolo
1247 3820 1325 3878 level
1338 3820 1545 3880 benevolentia
1555 3824 1596 3880 sic
1610 3824 1670 3883 lalli
1681 3847 1689 3899 ;
1701 3830 1849 3890 cuibena·

1016 3906 1155 3965 volentias
1169 3906 1287 3965 debitor
1298 3925 1377 3976 sum,
1393 3910 1466 3983 quia
1480 3917 1510 3969 et
1521 3918 1582 3970 tam
1593 3912 1732 3985 fideliter,
1748 3925 1847 3979 ettam

1015 3994 1274 4069 benevoleeaqure
1282 4014 1351 4055 vera
1359 4004 1438 4067 suni,
1450 4001 1619 4072 possumde
1626 4005 1771 4074 iadicem,
1777 4010 1846 4074 nisi.

1016 4085 1227 4159 utsupradixi,
1238 4088 1491 4146 verecundiretuae
1498 4106 1662 4163 parcerem.
1672 4096 1734 4167 ugo
1744 4104 1845 4157 autam

1015 4174 1139 4246 quando
1153 4175 1262 4232 laudor
1275 4192 1293 4234 a
1306 4178 1535 4247 germanissimo
1560 4185 1588 4237 et
1609 4182 1845 4246 familiarissimo

1015 4262 1124 4319 animoe
1131 4279 1217 4331 meas,
1230 4264 1308 4322 velut
1316 4281 1335 4322 a
1343 4267 1580 4340 meipsolauder,
1589 4271 1748 4331 sichabco.
1760 4277 1845 4344 Quod

1015 4352 1112 4407 cernis
1127 4366 1221 4424 quam
1234 4353 1396 4411 molestum
1407 4357 1453 4424 sit,
1467 4357 1556 4414 cuam
1573 4374 1643 4416 vera
1656 4360 1681 4417 si
1696 4363 1843 4424 dicantur.

1015 4439 1412 4516 Orsantopotiusquiaetiam
1422 4461 1490 4502 cum
1500 4446 1752 4510 sisalteraanirna
1767 4471 1842 4527 mea,

1014 4527 1076 4583 imo
1090 4544 1150 4586 una
1160 4529 1197 4585 sil
1209 4533 1311 4588 anima
1322 4538 1407 4590 tuaet
1420 4549 1497 4599 mea,
1513 4536 1556 4592 sic
1568 4537 1598 4593 in
1611 4553 1658 4595 me
1667 4538 1780 4600 falleris
1792 4559 1843 4618 pu·

1015 4616 1107 4674 tando
1124 4619 1196 4675 mihi
1211 4619 1317 4677 adesse
1332 4637 1400 4695 quea
1411 4623 1528 4690 desunt.
1545 4628 1701 4697 quomodo
1716 4635 1747 4688 et
1761 4633 1799 4691 de
1812 4649 1842 4690 se

1014 4703 1078 4779 ipse
1091 4709 1268 4767 unushomo
1282 4710 1344 4767 lalli
1359 4712 1632 4784 potesttouodnon
1647 4722 1842 4780 tantumideo

1014 4794 1095 4861 uolo,
1112 4812 1150 4853 ne
1168 4813 1258 4870 quem
1279 4799 1371 4872 diligo
1386 4807 1418 4858 tu
1432 4800 1556 4872 fallaris,
1578 4818 1683 4863 verum
1698 4810 1790 4867 etlam
1805 4826 1841 4869 ue

1013 4883 1114 4940 minus
1131 4900 1197 4942 oras
1208 4892 1240 4944 ut
1254 4888 1309 4944 sim
1320 4889 1472 4962 quodjam
1484 4907 1531 4949 me
1538 4909 1602 4949 essa
1614 4895 1713 4954 credis
1726 4914 1733 4952 :
1746 4914 1800 4956 nec
1811 4899 1840 4957 in

1013 4986 1049 5029 eo
1064 4989 1131 5030 sum
1140 4973 1191 5032 tibi
1204 4975 1332 5044 debitor,
1342 4979 1841 5056 utendamprogressubenevolcn·

1013 5061 1059 5118 tin
1071 5062 1193 5120 credam
1202 5065 1390 5140 alloquenda
1401 5075 1427 5126 te
1435 5069 1600 5144 bonaque
1610 5072 1710 5131 adhuc
1716 5081 1745 5133 et
1753 5081 1783 5134 tu
1790 5078 1841 5135 tibi

1011 5151 1115 5210 deesse
1121 5156 1687 5233 cognoscis,sedutauimotamquidem
1695 5163 1841 5225 benevole

1011 5246 1173 5299 astantum
1185 5244 1283 5304 dicam
1300 5246 1380 5306 bona
1397 5253 1457 5311 tun,
1469 5248 1550 5307 dona
1560 5249 1621 5316 Dei,
1634 5250 1799 5326 dequibus
1810 5257 1838 5313 in

1011 5333 1143 5388 lecerius
1159 5349 1235 5390 sum.
1253 5333 1339 5403 Quod
1351 5351 1412 5393 nou
1421 5336 1489 5395 ideo
1501 5353 1561 5396 non
1574 5338 1651 5397 facio
1666 5341 1800 5405 nstattnr
1812 5345 1841 5403 in

1011 5417 1064 5486 eis,
1092 5420 1145 5478 sed
1170 5438 1208 5479 ue
1223 5426 1255 5480 tu
1280 5440 1299 5482 a
1320 5441 1367 5482 me
1381 5426 1536 5496 laudatus,
1566 5427 1631 5501 ipse
1651 5432 1681 5487 tc
1695 5430 1840 5493 laudasse

1009 5507 1137 5565 videaris
1153 5526 1161 5577 ;
1177 5516 1204 5567 et
1222 5521 1343 5587 propter
1369 5516 1453 5574 illam
1463 5517 1583 5589 justitiae
1603 5520 1753 5593 regulam,
1777 5539 1840 5600 qua

151 996 206 1037 non
220 983 270 1036 iste
285 981 357 1050 ipnrs
368 980 503 1035 exusserit
516 981 542 1034 et
555 978 715 1050 perpererit
728 977 859 1050 proximi,
869 979 978 1030 tantum

150 1085 200 1125 mos
221 1070 250 1124 in
263 1068 342 1124 illum
357 1069 500 1140 puriorem
515 1068 563 1123 bei
576 1068 619 1123 ire
633 1066 781 1136 compellit.
802 1067 834 1122 la
848 1079 900 1135 qao
915 1063 978 1134 jam

150 1159 245 1213 nullas
258 1158 334 1213 nobis
349 1156 462 1212 amandi
473 1155 567 1211 modas
574 1157 736 1227 imponitur,
752 1153 860 1227 quarrdo
870 1153 927 1224 ipse
939 1150 978 1205 ibi

150 1247 244 1302 modus
258 1250 297 1302 est
306 1246 366 1301 sine
374 1245 449 1300 modo
463 1259 569 1300 amare.
585 1245 643 1301 Non
658 1259 720 1316 erpo
736 1243 882 1300 uerendum
893 1244 933 1297 est
942 1255 977 1296 ne

149 1335 210 1408 plus
243 1351 365 1392 amemus
395 1336 541 1392 Dominam
569 1337 703 1399 nostram,
734 1332 780 1390 sed
810 1347 845 1388 ne
871 1331 975 1396 minus,

150 1425 313 1481 timendam.

184 1515 210 1570 3.
224 1516 284 1570 llaeo
295 1513 407 1585 epistola
419 1513 557 1584 superior,
574 1528 634 1584 qaae
647 1511 698 1568 tibi
708 1527 750 1566 me
764 1511 843 1583 quasi
854 1509 977 1566 absterso

148 1603 264 1659 tristitia
278 1602 409 1671 felicitate
422 1602 572 1668 actionum,
588 1599 877 1671 deliberatiotioquod
885 1602 975 1654 meum

147 1691 219 1748 nribi
228 1705 310 1764 apere
325 1692 402 1747 tioait
417 1692 446 1746 in
455 1690 504 1746 boc
517 1707 580 1746 rure
593 1690 680 1762 posito
694 1694 772 1761 (mam
783 1690 822 1744 ita
834 1688 916 1744 licere
929 1702 977 1759 po·

148 1778 977 1855 tuit)letiorumoffert,antequamsanerrenerabiiisepisco-

145 1886 195 1942 pus
207 1886 256 1927 nos
266 1871 379 1925 visitare
388 1869 556 1941 dipnoretran
572 1868 851 1940 quasimetajiltoram
861 1865 975 1938 pandio-

145 1976 208 2014 ram
220 1961 322 2031 scripta
337 1962 387 2025 est,
403 1962 430 2014 et
456 1958 525 2030 qaod
540 1974 602 2014 nere
617 1959 714 2022 mirer,
729 1956 822 2014 eodem
840 1956 884 2012 die
901 1955 976 2012 venit

144 2064 196 2120 qno
214 2049 316 2118 scripta
328 2055 377 2104 est.
392 2047 462 2116 Quid
476 2047 525 2102 lior
543 2050 593 2113 est,
607 2062 709 2119 queso,
724 2047 820 2102 areima
835 2062 904 2111 mea,
918 2044 974 2100 nisi

143 2140 215 2208 sorte
223 2136 292 2209 qnod
298 2152 346 2193 nos
355 2136 489 2202 deleatat;
500 2139 591 2192 bornen
604 2136 807 2193 etsibonestam
813 2140 864 2202 est,
873 2150 926 2191 non
934 2139 974 2190 ta-

144 2243 205 2282 men
220 2227 372 2291 satisntile,
387 2227 489 2296 quiain
499 2225 973 2301 parteestilnterimlle'oetanioerso

143 2314 214 2371 bano
228 2318 317 2387 ipsam
329 2319 448 2386 partem,
464 2313 492 2370 id
503 2318 542 2370 est
554 2330 603 2370 nos
619 2316 698 2387 ipsos,
716 2319 852 2385 quantam
857 2330 907 2386 pro
914 2329 973 2387 pec·

143 2405 317 2460 catrsnostris
330 2403 483 2459 nobisredr't
494 2405 622 2468 materia,
639 2404 767 2460 idestnos
773 2405 826 2476 ipsi
839 2403 970 2472 redimar,

142 2494 220 2549 nobis
234 2494 401 2549 etimatiores
415 2500 440 2547 et
450 2492 765 2563 compopinabiliores,si
775 2492 972 2549 tamenadmit·

142 2584 178 2638 tis
189 2582 238 2637 boo
251 2582 371 2649 verbum,
386 2584 480 2652 aptare
490 2580 649 2636 moliamur.
660 2581 744 2637 llabes
759 2583 901 2653 epistolam
913 2600 970 2640 non

139 2686 190 2742 pro
205 2673 253 2725 tao
263 2668 463 2739 mapnitudine,
481 2670 795 2740 sedpromeoparoitate
805 2670 968 2742 lorrpiorem,

141 2775 195 2831 prro
210 2763 236 2814 te
244 2758 457 2831 prooocaoerim,
473 2760 503 2812 ut
507 2756 568 2827 jam
580 2774 634 2814 non
641 2774 756 2829 promea
767 2759 916 2829 parvitate,
923 2762 969 2817 sed

139 2864 190 2920 pro
202 2846 788 2919 tuamapnitadr'nemibr'episbolamittatur.
798 2849 862 2917 Qun
876 2852 968 2906 tamen

140 2943 362 3009 quantacumque
374 2935 439 3002 erit,
452 2934 524 2990 mibi
535 2936 890 3008 lonparronerit,cnitotum
901 2946 967 2995 tem

92 3063 94 3068 ,
138 3025 357 3098 parbreoeestad
365 3029 391 3081 te
398 3025 550 3096 dependam.
567 3025 692 3082 Rescribe
704 3026 908 3100 mibrlpnando,
917 3032 967 3085 aut

141 3116 187 3171 ubi
192 3129 335 3172 occurrere
343 3114 465 3178 debeam,
471 3117 582 3185 propter
590 3114 668 3170 ittam
674 3131 785 3172 causam
796 3133 895 3188 quame
903 3119 965 3188 jus·

137 3206 199 3260 sisti
212 3219 365 3260 occurrere.
382 3203 457 3269 Quod
469 3203 539 3259 siest
553 3203 671 3274 intepra,
689 3208 715 3260 et
725 3221 780 3260 non
794 3207 867 3275 sorte
885 3205 965 3262 aliud

136 3296 233 3351 metius
239 3294 353 3366 placuit,
365 3298 432 3348 tuno
446 3308 590 3348 occurram
602 3294 663 3362 ,·sin
672 3295 774 3361 minus,
783 3310 848 3366 rope
859 3295 964 3362 te,noio

136 3399 179 3440 me
189 3399 205 3439 a
215 3399 299 3439 carsae
311 3397 418 3437 revoces
430 3397 487 3437 meo
504 3399 512 3435 :
527 3382 576 3436 itta
589 3383 664 3437 enim
674 3382 731 3437 sola
745 3386 803 3438 aisa
815 3390 865 3450 est,
881 3401 964 3456 quom

133 3488 322 3545 praeponerem
334 3471 418 3526 mibi.
430 3472 539 3527 Fratres
553 3487 646 3528 amires
660 3474 709 3544 oui
721 3473 798 3528 nobis
811 3474 839 3528 in
849 3476 963 3531 bomine

136 3563 258 3620 conserui
277 3567 354 3625 sant,
373 3560 532 3618 etdesidero
545 3561 674 3629 muttum,
690 3566 717 3618 et
735 3561 836 3620 saluto

385 3687 553 3746 nrisrons
575 3688 641 3745 cx·
660 3690 712 3761 (a).

134 3814 300 3887 drmnrtinns
313 3812 409 3870 Seoero
435 3814 571 3885 episcopo,
592 3815 768 3873 blandissime
785 3819 961 3889 expostulans

169 3907 196 3960 et
208 3919 322 3975 querens
341 3918 370 3958 se
382 3902 417 3958 ab
430 3904 487 3975 ipso
507 3907 648 3976 tantopere
674 3904 816 3963 laudatum
835 3910 865 3963 in
883 3925 961 3982 sape·

169 3993 243 4048 riore
258 3993 384 4063 epistota.

133 4117 441 4174 llominobeatissimo
452 4117 732 4191 atquedulciesimo,
745 4124 907 4181 venerabili
917 4124 960 4182 ni-

168 4206 325 4279 miumque
337 4205 527 4262 desiderabili
540 4206 620 4264 lratri
630 4213 960 4271 etconsacerdotiSuss·

167 4311 212 4361 ao,
227 4301 254 4352 et
269 4295 322 4368 qui
338 4301 435 4353 tecum
466 4300 537 4352 sunt
558 4295 711 4369 tratribus,
728 4302 905 4361 Aaaasrraos
931 4310 960 4363 ct

166 4385 218 4458 qui
248 4401 367 4443 mecum
387 4390 458 4443 sunt
472 4384 589 4457 iratres,
617 4388 647 4443 in
676 4390 803 4448 Domino
818 4394 958 4450 salutem.

168 4516 192 4567 l.
207 4510 336 4585 Epistola
346 4527 523 4585 mea‚quam
536 4514 667 4585 pervexit
677 4514 869 4575 charissimus
879 4520 960 4578 lilius

132 4604 161 4657 et
175 4600 379 4658 condiaconus
393 4607 494 4658 noster
505 4603 684 4671 Timotheus,
696 4606 760 4677 jam
773 4614 879 4681 parata
896 4617 960 4670 erat

130 4688 958 4762 prolectur0,quandoliliinostriQnodvultdcusetGau-

132 4777 252 4834 dentius
263 4778 302 4834 ad
317 4794 372 4834 nos
384 4786 529 4835 venerunt
542 4796 609 4837 cum
623 4782 724 4839 litteris
734 4786 802 4842 luis.
814 4788 886 4846 lndc
897 4789 960 4848 fao-

133 4870 195 4925 lum
212 4871 256 4923 est
270 4871 301 4923 ut
320 4867 463 4924 continuo
474 4868 677 4939 proficiscens,
694 4888 755 4929 non
767 4875 885 4936 aderrat
899 4896 959 4937 res·

128 4958 309 5032 pensionem
320 4957 957 5032 meam‚quoniampostillarumadventum

127 5045 958 5131 quantulumcumqueapudnosimmoratueest,etpro·

128 5134 261 5193 lecturus
275 5152 328 5208 per
339 5136 430 5193 horas
445 5134 579 5207 singulae
590 5136 754 5198 videbatur.
770 5143 826 5200 Sed
835 5147 889 5203 alsi
904 5163 957 5222 per

129 5240 198 5281 eum
214 5225 448 5298 respondissem,
464 5224 565 5282 adhuc
579 5224 695 5285 debitor
713 5230 820 5290 sorem.
834 5237 909 5294 Nam
927 5243 955 5297 et

159 5384 173 5416 ¹
190 5383 229 5432 ald
246 5397 271 5435 a.
287 5398 311 5434 a.
331 5386 373 5451 bg.
399 5386 434 5437 bl.
450 5400 474 5438 c.
489 5386 531 5437 cb.
547 5400 589 5443 ce.
607 5387 635 5440 d.
654 5404 680 5455 g.
698 5406 742 5506 fig.
760 5408 805 5458 gr.
814 5396 834 5460 j.
850 5411 880 5448 n.
895 5413 917 5450 r.
931 5415 953 5452 s.

126 5446 369 5560 tna‘d⁰⁰n?s⁸¹t'.o3f¹⁰⁵
386 5463 426 5500 vc.
440 5454 558 5515 quatuor
577 5466 601 5504 v.
620 5466 697 5505 emen
718 5460 771 5516 ata,
787 5462 814 5510 et
827 5461 870 5512 ad.
888 5465 952 5518 Am.

159 5573 194 5634 (a)
206 5570 277 5621 Alias
286 5572 339 5644 ,435
353 5586 432 5638 :qum
443 5579 533 5628 autern
549 5577 594 5628 llb
608 5583 675 5640 erat,
691 5593 765 5635 nunc
775 5584 830 5637 ili.
847 5588 952 5658 Scripta

127 5638 190 5703 post
204 5646 377 5701 superiorem.

1039 5666 1122 5721 ‘lisa
1139 5668 1241 5732 decem,
1258 5688 1334 5739 auam
1348 5676 1426 5728 nosti.
