3952 6128
156 136 212 195 413
775 129 1029 198 eetsrobtfluit
1047 130 1192 190 classis
1210 132 1246 191 11.
1815 140 1870 199 rit

153 262 245 321 autin
260 264 780 338 ipsacartbaginccontraneminem
790 266 962 325 levaverunt
978 261 986 319 t
1040 261 1123 333 quod
1137 266 1243 319 eontra
1252 279 1307 320 nos
1320 279 1339 320 a
1353 268 1451 321 restra
1462 269 1546 338 parte
1556 266 1653 337 ιιιιςίι
1663 266 1869 325 oremaledico

153 355 214 410 Nec
233 369 305 411 cum
325 353 389 411 lure
405 355 634 419 concurrebant.
650 358 702 430 qui
718 354 986 414 communicabant
1040 364 1136 422 quem
1160 351 1290 411 veridico
1305 352 1379 410 solet
1392 353 1461 420 dici,
1482 356 1597 413 Vetoees
1611 357 1698 426 pedes
1713 371 1814 413 eoram
1829 358 1870 415 ad

155 442 183 499 ei
197 442 306 515 dequo
320 443 391 500 dicit
402 445 593 501 Nummasius
603 445 776 511 advocatus,
793 446 920 517 loquens
930 457 985 515 pro
1039 439 1253 510 effundendum
1274 444 1449 513 sanguinem
1464 446 1559 513 (Psoi.
1576 462 1634 511 xm,
1647 446 1686 513 3),
1699 462 1755 501 nos
1767 446 1869 519 potius

154 536 304 602 presente
316 533 460 590 Restituto
468 534 611 607 episcopo
619 541 725 603 vestro,
733 535 815 610 quod
825 549 876 606 per
887 532 985 589 occut-
1038 527 1097 586 ista
1112 529 1143 585 in
1163 531 1255 586 tantis
1268 531 1429 588 latrociniis
1443 531 1734 599 Circumcellionum,
1748 535 1867 592 clerieo·

154 622 730 695 tomsaerilegiipropemodamsm·tom,
746 622 919 694 episcopalis
933 635 984 676 no-
1037 633 1165 692 rumque
1181 624 1348 677 vestrorum
1361 624 1473 692 experti
1489 639 1603 687 sumus,
1621 624 1671 695 qui
1689 624 1867 695 corporibus

154 708 245 766 minis
254 711 397 768 invaserit
406 710 607 784 principatum
615 735 625 782 ;
634 729 764 771 naccum
776 712 984 785 adulteropor-
1036 706 1179 765 humanis
1193 709 1274 765 crede
1285 709 1474 767 atrocissima
1484 710 1612 781 laniatis,
1626 717 1666 768 tot
1676 711 1742 768 loca
1752 718 1869 769 nostro·

153 799 268 855 tionem
289 816 377 856 suam
393 800 553 873 ponebant,
570 802 621 874 qui
636 802 900 858 communicabant
912 802 984 857 veri·
1037 799 1260 867 rumsanguine
1274 800 1729 871 cruentarunt:quorumduces,
1743 800 1868 874 quando

155 888 224 944 tatis
237 887 373 945 adultero
390 905 397 956 ;
414 904 469 946 nec
498 890 618 947 modico
644 890 789 948 termento
805 896 864 948 tota
878 905 983 947 eorum
1039 886 1258 957 leingrediente
1269 888 1298 944 in
1312 888 1537 960 benepatriam,
1551 889 1691 945 eumsuis
1704 889 1865 946 cuneisde·

154 991 261 1034 massa
286 978 548 1050 corrumpebatur,
570 995 639 1037 eum
652 980 679 1036 ei
698 980 842 1049 tererent,
862 995 930 1036 eum
951 978 983 1035 in
1037 974 1196 1043 duxerunt,
1212 977 1272 1034 Deo
1286 977 1391 1033 laudes
1408 977 1485 1035 inter
1499 978 1617 1034 cantica
1631 976 1865 1045 conclamantes,

154 1065 326 1139 ejusparte,
342 1082 404 1124 non
417 1068 506 1140 quasi
527 1069 702 1135 nescientes,
725 1068 839 1126 avobis
855 1067 982 1140 praecisi,

153 1162 357 1222 remanerent,
373 1156 426 1213 sed
441 1172 460 1214 a
478 1156 563 1214 vobis
576 1162 679 1215 contra
693 1157 917 1231 praecidendam
926 1157 982 1213 eri·

154 1244 349 1317 gentiamque
362 1250 499 1303 curarent
513 1263 520 1309 ;
534 1245 643 1303 deinde
659 1246 792 1320 vosipsi,
808 1247 860 1320 qui
875 1261 926 1303 eos
943 1245 980 1303 ad

154 1331 345 1391 redeundum
353 1334 879 1401 sicinvitastis,utMaximianotanta
889 1335 982 1392 socie·

155 1423 211 1478 tate
218 1422 888 1499 conjunctos,impollutosasecrilegiisurculo
903 1424 981 1481 dice-

154 1510 980 1587 ratrammopretextatamquoquoetreticicuumsalvis

154 1600 432 1658 eorumbonoribus
446 1603 630 1676 suscepistis,
646 1602 979 1676 quodcumeispacifiee

154 1688 341 1746 concordetis
370 1691 465 1764 (quod
496 1692 646 1766 hodieque
671 1692 853 1750 Felicianum
882 1692 977 1748 vobis·

154 1792 220 1835 cum
230 1778 444 1836 consedentem
457 1781 575 1852 videtis)
586 1781 668 1838 nulla
682 1782 895 1839 communione
910 1795 979 1853 pec-

152 1866 457 1925 catorumalienarum
465 1869 980 1936 maculati,nullocontactuimmun·

151 1953 978 2032 ditiacoinquinati,nulliusestismalignitatislermento

151 2046 283 2118 corrupti
296 2050 340 2102 :et
348 2046 414 2102 orbi
422 2046 645 2118 christianoper
656 2048 719 2104 bac
728 2048 900 2104 testimonia
909 2047 978 2105 alie·

147 2133 344 2192 numerimen
356 2134 506 2206 objicitur,
519 2136 778 2194 unitatisdivisioa
788 2137 978 2209 separatione

145 2219 979 2299 lunestodetenditur,apraecisoramo,tanquamimmuu-

140 2309 507 2386 dusramus,quiinvarre
518 2314 977 2381 matrisradicemanserit,accu·

141 2400 255 2457 saturi

185 2488 300 2548 CAPUT
319 2491 350 2547 t.
363 2521 400 2532 -
416 2491 458 2548 tl.
480 2491 557 2558 Quid
569 2491 653 2560 illud,
669 2493 751 2566 quod
767 2493 867 2551 soletis
880 2493 918 2551 de
933 2510 983 2549 su·

137 2579 698 2655 :tentatispersecutiontbnsgtorimit
714 2584 742 2641 Si
756 2590 903 2657 martyres
919 2598 979 2641 non

135 2667 164 2723 t
163 2670 221 2726 acit
229 2685 335 2737 causa,
346 2671 397 2727 sed
406 2687 512 2744 poena3
522 2688 591 2728 cum
599 2672 755 2738 diceretur,
761 2674 848 2731 Beati
859 2675 979 2747 quiper-

130 2759 325 2817 secats'onem
340 2761 508 2829 potiuntur,
524 2761 633 2817 trustra
644 2762 842 2833 estadditum‚
855 2770 980 2834 propter·

124 2848 293 2914 justitium
303 2848 421 2919 (liutto.
433 2866 460 2916 v,
471 2851 525 2920 to).
534 2854 636 2907 Nonne
651 2852 834 2908 rosetiamin
847 2853 979 2924 liujusti·

131 2934 979 3015 tuliglorialtaximianistaefacillimevincunt,qniperse-

130 3026 367 3084 eutionemnon
376 3027 474 3084 solum
487 3033 590 3101 postea
603 3029 978 3104 vobiscum,sodpriuseta

129 3114 233 3171 vobis
251 3116 465 3188 pertulerunt?
483 3118 626 3175 Advocati
642 3121 811 3176 accusantis
826 3120 977 3178 ltaximia·

124 3205 977 3282 num,restrocollegapraesenteRestituto,quiinlooum

129 3288 978 3361 Selrii¹tlembressitani,cumcaetarisillisundecimsine

128 3376 287 3439 dilatione
305 3381 455 3452 damnati,
478 3388 645 3458 antequam
665 3386 726 3458 ipse
744 3385 808 3443 dies
828 3386 977 3445 dilationis

126 3466 290 3538 transiret,
298 3471 364 3543 jam
377 3472 475 3529 tuerat
483 3473 652 3539 ordinatus,
664 3474 904 3549 rerbasuntqum
912 3477 977 3548 jam

129 3559 236 3626 naulo
247 3566 318 3617 ante
334 3563 582 3619 commemoravi.
599 3563 734 3619 Titianus
749 3565 838 3622 etiam
849 3566 897 3622 die
911 3567 977 3639 ipso

126 3644 294 3706 dilationis
306 3654 468 3717 transacto,
484 3651 665 3708 Felieianum
679 3660 706 3709 et
722 3653 977 3711 Praetextatumde

130 3732 977 3816 torcipsacontmerimicnumconspirationem-birgis-

128 3826 443 3886 vissimisecousarit.
455 3830 619 3887 Concilium
634 3832 724 3888 etiam
734 3831 901 3901 vagaiense
917 3848 978 3890 non

131 3916 233 3973 umet
246 3918 342 3975 Gestis
357 3919 679 3991 proconsularibus.ec
695 3920 976 3996 deiudemunicipe·

130 3993 220 4062 libus
233 4005 396 4079 allegatum
410 4013 464 4077 est,
473 4009 604 4066 excitata
613 4009 738 4082 judicia,
747 4011 912 4083 impetratae
925 4012 978 4069 mi·

133 4095 313 4153 urcissimre
326 4097 490 4169 jussiones,
504 4099 976 4174 postulatumatquepraeceptum

133 4188 195 4252 est,
206 4183 247 4241 sd
257 4184 469 4243 coercitionem
482 4187 655 4243 resistentes
669 4188 913 4260 perducerentur,
922 4189 977 4247 im·

134 4275 282 4343 partitum
293 4276 304 4310 ¹
317 4273 463 4341 cilicium,
476 4291 622 4332 concessa
633 4275 742 4333 auxilio
753 4276 977 4351 civitatumper

134 4362 976 4438 quoeidquodjudicatumest‚impteretur.0uidergono·

139 4446 259 4509 hiscum
269 4451 463 4525 deimperata
474 4454 857 4527 persecutionecontligitis,
867 4456 976 4530 quivo-

1037 1065 1123 1137 quasi
1136 1081 1235 1132 rocas,
1246 1066 1327 1123 velut
1339 1066 1410 1123 tuba
1425 1066 1594 1138 pretiorum
1610 1067 1640 1122 in
1653 1067 1715 1122 suis
1726 1066 1868 1123 omuibus

1036 1152 1198 1211 latrociniis
1211 1154 1395 1212 babuerunt.
1413 1156 1478 1213 illio
1494 1164 1594 1213 taurea
1609 1156 1657 1211 die
1677 1155 1813 1212 concussi
1830 1172 1867 1214 eo

1037 1243 1180 1301 stimulati
1194 1244 1305 1301 aculeis
1315 1245 1475 1302 verborum
1488 1250 1617 1313 tuorum,
1629 1260 1696 1317 quae
1710 1245 1739 1301 in
1749 1260 1801 1301 eos
1814 1256 1868 1317 par

1035 1335 1180 1407 punicum
1196 1333 1387 1407 interpretem
1397 1334 1524 1391 honesta
1540 1339 1567 1392 et
1579 1335 1711 1404 ingenua
1723 1334 1867 1391 libertatis

1035 1423 1242 1495 indignatione
1250 1424 1401 1495 iaculatus
1412 1440 1455 1491 es,
1467 1422 1551 1480 lactis
1563 1439 1668 1480 sorum
1678 1424 1807 1480 irritatus
1815 1438 1866 1496 po·

1036 1513 1094 1569 tius
1109 1527 1203 1585 quam
1220 1512 1385 1570 delectatus
1406 1512 1568 1586 obsequiis,
1585 1527 1616 1569 se
1631 1513 1666 1567 de
1681 1510 1781 1569 media
1796 1526 1867 1568 con·

1035 1601 1220 1673 gregatione,
1245 1602 1320 1659 sicut
1339 1601 1378 1659 ab
1398 1601 1441 1658 eis
1464 1602 1514 1673 qui
1535 1601 1660 1657 ederant
1674 1600 1865 1658 narrantibus

1034 1692 1138 1748 audire
1157 1691 1322 1765 potuimus,
1338 1690 1509 1748 furibundis
1534 1689 1663 1747 motibus
1689 1694 1864 1762 rapuerunt,

1034 1797 1090 1838 nec
1105 1789 1174 1854 post
1196 1798 1301 1840 eorum
1330 1782 1424 1855 pedes
1447 1780 1563 1837 veloces
1582 1781 1622 1837 sd
1647 1779 1864 1837 effundendum

1033 1867 1864 1944 sanguinem,ullaaquapavimentasalsavistisloltquod

1033 1966 1102 2032 post
1116 1967 1234 2017 nostros
1245 1960 1343 2017 clerici
1359 1961 1399 2017 tui
1413 1962 1594 2033 putaverunt
1608 1957 1863 2015 esselaciaudum.

1071 2055 1112 2106 t5.
1126 2050 1194 2120 Sed,
1207 2054 1239 2106 ut
1248 2050 1347 2105 dicere
1358 2065 1520 2122 coeperam,
1536 2048 1593 2103 boc
1604 2046 1641 2103 de
1654 2045 1813 2118 Scripturis
1825 2051 1864 2101 ta·

1034 2139 1222 2207 stimonium,
1234 2139 1316 2212 quod
1332 2142 1362 2196 in
1375 2154 1431 2197 nos
1445 2137 1545 2195 soletis
1559 2137 1656 2207 iungis
1667 2135 1864 2192 conviciando

1034 2243 1128 2301 quam
1144 2228 1303 2300 probando
1315 2229 1439 2299 jactare,
1459 2228 1577 2286 Veteres
1589 2228 1678 2296 perles
1699 2240 1801 2283 eoram
1824 2225 1865 2283 od

1032 2317 1243 2387 effundendam
1254 2317 1441 2388 sangoinem,
1457 2316 1547 2374 etiam
1567 2318 1597 2374 in
1614 2318 1622 2354 ¹
1641 2314 1820 2372 Felicianum
1836 2316 1865 2370 et

1033 2406 1245 2464 Praetextatum
1264 2407 1379 2478 impetu
1398 2406 1577 2473 vehementi,
1596 2405 1797 2477 grandiloqua
1811 2402 1864 2461 illa

1035 2495 1181 2552 sententia
1191 2496 1307 2552 concilii
1319 2495 1492 2565 vagaiensis
1502 2495 1644 2551 evomuit.
1660 2496 1733 2550 Nam
1744 2508 1812 2548 oum
1824 2491 1863 2548 de

1033 2586 1221 2649 ilaximiano,
1234 2601 1302 2658 qure
1312 2584 1377 2641 visa
1389 2589 1458 2642 sunt
1467 2584 1608 2652 dicenda,
1620 2582 1764 2639 dixissent
1781 2596 1787 2636 :
1800 2581 1863 2638 Nec

1033 2675 1130 2731 solam
1146 2675 1237 2744 tanc,
1249 2674 1398 2748 inquiunt,
1414 2675 1533 2732 sceleris
1543 2677 1591 2729 sui
1604 2688 1683 2729 mors
1695 2674 1780 2743 jristo
1795 2685 1863 2727 eon·

1032 2765 1153 2822 decucat
1166 2782 1175 2831 ,·
1186 2765 1279 2821 trahit
1290 2770 1317 2821 et
1327 2765 1368 2821 od
1379 2767 1560 2821 consortium
1573 2763 1707 2821 criminis
1715 2761 1862 2832 plurimos

1031 2862 1137 2911 cateno
1151 2854 1314 2926 sacrilegii,
1330 2854 1366 2910 de
1380 2855 1486 2926 quitus
1500 2854 1645 2922 scriptum
1659 2860 1700 2909 est
1715 2868 1724 2907 :
1739 2872 1753 2903 ι
1775 2852 1864 2908 Vene-

1031 2960 1102 3001 num
1117 2944 1253 3014 aspidum
1265 2944 1318 3000 sub
1326 2944 1412 3000 tabiis
1425 2958 1671 3014 eorumquae-mu
1680 2957 1711 2996 os
1723 2940 1863 2996 moledic-

1033 3035 1113 3090 tione
1127 3038 1154 3089 et
1170 3032 1373 3089 amaritudine
1384 3032 1506 3102 plenem
1520 3036 1573 3086 est.
1593 3027 1803 3098 Velocespedes
1814 3043 1862 3085 eo·

1031 3138 1099 3179 stim
1115 3123 1155 3180 od
1167 3122 1379 3192 effundendam
1399 3121 1574 3191 sanquinem
1591 3118 1687 3191 (Psoi.
1710 3132 1772 3183 xm,
1788 3117 1826 3189 3),
1846 3136 1859 3167 ι

1031 3216 1086 3268 eto.
1099 3209 1315 3278 Quibusdictis,
1329 3214 1360 3266 ut
1370 3208 1478 3265 deinde
1489 3205 1738 3278 ostenderentqui
1750 3208 1859 3272 essent,

1031 3317 1108 3375 quos
1123 3301 1249 3357 traheret
1259 3299 1298 3356 ad
1313 3298 1496 3355 consortium
1511 3296 1641 3353 criminis
1652 3298 1758 3353 catena
1770 3295 1861 3351 sacri·

1031 3390 1230 3462 legii,eosque
1241 3406 1311 3446 cum
1322 3389 1504 3444 Maximiano
1512 3387 1602 3443 simili
1610 3386 1765 3443 severitate
1776 3385 1860 3441 dam·

1031 3487 1158 3537 nerent:
1175 3479 1296 3537 Fomosi
1304 3494 1385 3550 erqo,
1401 3478 1551 3550 inquiunt,
1565 3475 1699 3533 criminis
1713 3490 1778 3532 reos
1799 3473 1860 3531 Vie-

1031 3562 1860 3639 torinnamcarcavianensemmdquemadjunguntalios

1032 3658 1181 3724 undecim,
1208 3658 1285 3714 inter
1303 3673 1379 3729 quos
1400 3655 1579 3712 Felicianum
1610 3655 1812 3720 ttustitanum,
1832 3659 1861 3710 et

1031 3748 1238 3805 Praetextatum
1251 3746 1472 3802 assuritanum.
1487 3744 1555 3799 Post
1571 3744 1634 3799 baec
1650 3743 1680 3799 in
1701 3758 1753 3798 eos
1768 3743 1857 3809 dicta,

1031 3834 1109 3892 laeta
1124 3840 1168 3892 est
1186 3852 1257 3892 cum
1277 3833 1319 3890 eis
1335 3838 1419 3890 tanta
1433 3830 1605 3897 concordia,
1623 3835 1655 3887 ut
1668 3829 1741 3886 nihil
1755 3845 1859 3886 eorum

1032 3924 1216 3981 minueretur
1228 3921 1395 3979 bonoribus
1410 3919 1529 3987 ;nullus
1538 3918 1577 3975 ab
1589 3918 1632 3974 ais
1645 3918 1775 3980 ablutus,
1790 3922 1860 3989 post

1031 4011 1218 4069 abluentium
1229 4011 1321 4084 pedes
1331 4009 1448 4066 veloces
1459 4008 1498 4066 ad
1509 4005 1727 4064 effundendum
1738 4006 1860 4077 sangui·

1031 4118 1111 4171 nem,
1128 4116 1233 4158 rursus
1247 4098 1416 4156 abluendus
1429 4097 1612 4169 judicaretur
1626 4098 1648 4147 ¹.
1665 4098 1722 4153 Cur
1737 4110 1808 4167 ergo
1821 4094 1859 4152 de

1030 4197 1133 4251 nostra
1153 4191 1315 4249 concordia
1328 4187 1551 4262 desperandum
1567 4191 1610 4243 est
1624 4184 1638 4241 i
1653 4186 1731 4241 Deus
1745 4183 1858 4241 diaboli

1030 4282 1168 4339 averterit
1181 4280 1335 4346 invidiam,
1356 4285 1383 4336 et
1402 4293 1465 4348 pac
1481 4277 1593 4334 Christi
1604 4276 1706 4332 vineat
1718 4275 1750 4330 in
1763 4275 1859 4332 coriti·

1031 4372 1084 4429 bos
1099 4371 1230 4428 nostris:
1246 4386 1293 4435 ac,
1313 4369 1388 4424 sicut
1402 4367 1481 4423 idem
1496 4364 1656 4437 Apostolus
1668 4364 1749 4431 dicit,
1767 4362 1859 4420 done·

1029 4458 1338 4530 musnobismetipsis,
1353 4458 1376 4513 si
1390 4457 1457 4529 quis
1470 4454 1615 4512 adversus
1628 4454 1759 4524 aliquem
1766 4452 1858 4510 babet

137 4538 259 4598 hiscum
280 4540 339 4598 ista
351 4556 410 4598 non
428 4558 517 4614 aequo
527 4543 595 4616 jure
611 4543 791 4599 divisimus?
806 4548 877 4600 Cum
892 4544 974 4602 enim
1027 4549 1193 4623 querelam,
1209 4550 1285 4604 sicut
1303 4551 1331 4603 et
1359 4548 1436 4602 Deus
1451 4544 1481 4601 in
1502 4543 1617 4600 Christo
1626 4541 1756 4598 donavit
1768 4540 1857 4598 nobis

138 4640 201 4686 non
214 4644 336 4702 semper
347 4628 399 4703 qui
415 4631 655 4702 persecutionem
671 4632 806 4699 sustinet,
822 4633 974 4704 parveniat
1028 4638 1134 4711 (cotos.
1144 4653 1182 4702 ιιι,
1200 4641 1241 4702 t5,
1257 4638 1308 4706 tt),
1325 4640 1367 4703 ut,
1382 4633 1464 4708 quod
1473 4632 1537 4704 jam
1549 4630 1610 4686 dixi
1623 4634 1651 4687 et
1663 4645 1743 4704 saepe
1758 4630 1858 4687 dicen·

141 4718 178 4776 ed
191 4718 371 4791 passionem
386 4734 393 4785 ;
409 4720 449 4775 sic
464 4719 609 4777 internos
624 4726 860 4793 composuerunt
876 4722 974 4779 clerici
1028 4727 1102 4783 dum
1125 4731 1179 4792 est,
1200 4726 1331 4782 charitas
1347 4721 1498 4795 cooperiat
1515 4719 1739 4779 multitudinem
1754 4735 1853 4793 pecca·

141 4811 169 4865 et
182 4806 446 4866 Circumcelliones
456 4810 552 4880 vestri,
561 4814 593 4866 ut
602 4825 653 4865 vos
663 4810 908 4883 persecutionem,
917 4827 973 4868 nos
1027 4821 1127 4873 torum
1142 4816 1164 4881 (Ι
1179 4817 1242 4873 Pet.
1257 4831 1297 4886 ιι,
1313 4814 1352 4886 8),

141 4898 316 4969 passionem
331 4896 559 4955 sustineremus.
577 4898 645 4965 Sed,
666 4905 695 4955 ut
715 4899 787 4969 dixi,
802 4916 871 4956 cum
886 4901 973 4958 ilaxi·
1062 4907 1173 4963 CAPUT
1183 4905 1224 4961 vt.
1241 4904 1328 4976 -ttb
1341 4903 1450 4959 Verum
1462 4908 1503 4970 tu,
1514 4901 1613 4966 irater,
1624 4915 1763 4973 cumque
1775 4912 1856 4954 nunc

141 4986 971 5062 minnistisdeistalaudecertate‚quicoutravosrecitant
1025 5012 1093 5070 ago,
1105 5001 1133 5052 et
1146 4994 1256 5068 dequo
1270 4992 1437 5057 inebriato,
1451 4991 1602 5064 sicutipse
1616 4989 1710 5054 novit,
1722 4986 1854 5056 gaudere

140 5080 224 5137 Gesta
239 5077 381 5142 lorensis,
393 5076 445 5133 ubi
457 5092 509 5134 eos
520 5078 696 5151 periodicas
713 5080 971 5152 persecutionibus
1025 5086 1174 5152 desidero,
1186 5084 1210 5140 si
1222 5083 1314 5156 partis
1326 5082 1432 5140 bonati
1442 5080 1647 5139 defensionem
1659 5079 1689 5135 in
1699 5074 1855 5133 hacilaxi·

139 5166 516 5239 sgitsnismedptanocum
526 5167 710 5240 quibusdam
718 5184 821 5225 corum
831 5170 878 5226 tali
889 5186 970 5227 coer·
1054 5213 1140 5262 ,Low
1157 5211 1257 5261 omittit
1270 5210 1309 5266 in,

137 5256 394 5315 citionecorreetie
406 5259 744 5331 posteaconcordastis;
754 5259 969 5317 undenecnos-
1055 5277 1149 5332 ¹Lov„
1160 5274 1298 5338 judicaret.

137 5344 591 5417 “caraecarae
604 5347 968 5420 ”crearemur
1022 5326 1855 5457 ilittoreamsacrasanctamiterare:

134 5434 296 5509 Wiflfflm
307 5439 436 5492 mentem
447 5436 592 5509 impilm
603 5436 752 5507 dignetur·
762 5440 835 5496 llam
846 5444 872 5495 ⁰¹
881 5438 964 5512 illud,
1022 5464 1096 5520 bant,
1106 5460 1378 5524 calrccslrangebant,
1384 5457 1470 5568 pallas
1479 5456 1614 5529 lavabept,
1622 5455 1853 5533 virginumsacrn-

1020 5541 1079 5577 rum
1087 5524 1382 5586 crinessulsaequaper
1394 5518 1583 5576 undebaut,utr
1591 5517 1854 5583 testaturOptatusrn

1019 5581 1853 5655 lib.6,ubibmciutcralia:‹1umultis,ait‚locispariateslavarc

165 5590 173 5618 ¹
194 5586 270 5645 Lm
286 5586 369 5638 sam
379 5588 440 5639 Μ
456 5588 502 5641 hb’
515 5590 529 5641 ³
544 5594 638 5643 comm
650 5591 754 5649 emh
770 5605 793 5642 c·
810 5594 848 5643 ω’
1019 5648 1296 5712 voluistis,etinclusa
1305 5646 1392 5712 spatia
1400 5644 1471 5697 salsa
1478 5657 1550 5711 aqua
1560 5658 1650 5710 spargi
1658 5644 1853 5710 praecepistis.»

163 5652 175 5686 ¹
188 5649 265 5710 Lov„
273 5651 433 5716 imperitam.
