3952 6128
132 169 189 230 881

135 297 200 353 stra
207 296 468 363 Deocantatur,lit
477 297 964 374 miseriecrdiueiuspruueuietme

133 385 230 455 (Paci.
243 386 324 450 uviri,
339 386 404 458 ll);
420 390 459 453 et,
473 387 680 448 Murriccrdiu
694 393 758 462 ejus
768 392 965 468 subsequetur

131 489 180 532 rue
191 473 285 546 (Paul.
302 490 371 541 ιιιι,
388 477 426 547 t).
443 477 525 535 Unde
541 482 570 535 ct
584 478 650 550 ipsa
673 480 734 539 vita
755 485 877 547 aterna,
893 498 963 555 qtrra

131 563 235 636 utique
248 563 279 621 in
304 563 365 621 tine
380 565 443 622 sine
464 565 524 623 fine
536 566 707 638 habebitur,
721 576 750 627 et
766 570 834 627 ideo
851 572 964 630 meritis

132 652 368 726 precedentibus
382 654 533 727 redditur;
549 662 650 714 tsmcn
663 659 850 731 quiaeadem
858 661 964 718 merita

129 741 243 815 quibus
256 741 403 809 redditur,
418 758 480 800 uon
495 759 513 801 ι
526 744 615 802 nobis
632 753 738 818 parata
750 754 963 821 suntpernos·

131 835 210 889 ιιιιιι
226 830 449 902 sufficicntiam,
463 832 557 890 sedin
568 834 809 909 nobisiactapcr
822 839 962 909 gratiam,

131 920 224 978 etiam
243 919 310 993 ipsa
330 920 428 993 gratia
442 927 645 996 nuncupatur,
661 940 722 982 non
746 926 885 984 abaliud
904 926 962 984 nisi

131 1008 206 1082 quia
218 1008 311 1080 gratis
320 1007 409 1067 datur
420 1027 428 1079 ;
440 1025 494 1067 nec
507 1010 576 1069 ideo
586 1012 658 1085 quia
671 1029 732 1073 nou
742 1014 961 1083 meritisdatur,

132 1096 187 1156 sed
202 1096 275 1171 quia
300 1097 373 1156 data
387 1103 458 1156 sunt
475 1104 504 1156 et
529 1099 596 1172 ipsa
608 1101 715 1160 merita
737 1102 849 1176 quibus
862 1104 961 1161 datur.

132 1185 188 1245 Ubi
204 1189 307 1244 autem
321 1187 494 1245 invenimus
507 1189 600 1247 etiam
618 1190 712 1248 vitam
737 1197 883 1250 aeternam
896 1208 963 1265 gra·

131 1274 205 1333 tiam
220 1277 400 1349 nuncupari,
415 1276 562 1335 habemus
588 1280 669 1353 apud
694 1280 836 1338 eumdem
860 1282 962 1353 ςιιιιιι

130 1363 330 1436 magnificum
347 1365 536 1424 defensorem
553 1369 723 1441 apostolum
739 1369 863 1427 Paulum
879 1386 887 1427 :
902 1370 963 1428 Sti-

128 1453 662 1527 peudiuur,inquit,peccutimorsest
672 1460 793 1529 wratis
803 1461 963 1517 curmusi

130 1541 195 1600 uita
209 1548 322 1601 aternu
335 1543 368 1600 iu
384 1543 505 1602 curuo
515 1545 587 1602 iesu
606 1546 726 1604 domiuo
750 1554 850 1606 nostro
865 1547 961 1620 (Rom.

130 1641 172 1695 vt,
185 1627 243 1699 2³).

166 1727 213 1782 ιο.
230 1723 311 1792 Vide,
327 1725 454 1784 obsecro
468 1731 507 1793 ιι,
524 1725 554 1784 in
570 1733 685 1801 quauta
709 1729 854 1788 brevitate
865 1746 961 1804 quam

129 1812 290 1888 vigilanter
302 1815 397 1872 verba
411 1817 552 1889 posuerit,
565 1817 678 1890 quibus
692 1818 849 1890 diligenter
862 1819 961 1878 cousi·

129 1902 254 1970 deratis,
269 1903 448 1976 questionis
462 1904 552 1977 hujus
564 1905 785 1980 aliquantulum
799 1907 962 1965 dilucescat

129 1988 312 2049 obscuritas.
322 1990 397 2049 Cum
410 1992 494 2050 enim
504 1993 638 2063 dixisset,
650 1995 837 2066 Stipendium
847 1996 964 2068 meruti

130 2092 236 2150 mors,·
259 2081 328 2153 quis
351 2096 413 2138 non
432 2097 501 2139 eum
517 2084 789 2154 congruentissime
804 2091 832 2142 ιι
857 2100 964 2142 conse·

130 2173 259 2242 quanter
278 2169 391 2227 addere
408 2170 568 2242 iudicaret.
589 2173 613 2230 si
633 2172 754 2241 diceret,
773 2174 961 2248 Stipendium

128 2264 233 2315 eutem
245 2258 370 2333 justitia
385 2259 448 2318 vita
470 2265 582 2318 eterna
599 2263 656 2320 iet
681 2278 785 2319 verum
809 2267 855 2320 est
868 2279 875 2330 ;
890 2263 962 2337 quis

131 2344 211 2403 sicut
224 2347 332 2405 merite
342 2348 457 2420 peccati
474 2354 618 2423 unquam
634 2350 814 2423 stipendium
828 2351 963 2408 redditur

130 2449 227 2504 mors,
240 2435 280 2492 ιιι
293 2434 399 2494 merito
409 2437 531 2509 justitia
542 2443 688 2512 tanquam
704 2439 887 2512 stipendium
900 2439 962 2497 vita

129 2527 255 2580 aeterna.
265 2529 322 2581 aut
335 2525 359 2581 si
373 2525 465 2583 nollet
474 2526 583 2594 dicere,
595 2526 729 2593 iustitia,
740 2528 858 2594 diceret,
871 2528 961 2595 tidei;

128 2613 279 2686 quoniam
291 2614 391 2685 justus
404 2629 439 2671 ιι
454 2614 514 2671 dde
525 2616 598 2672 vivit
611 2617 739 2689 (Huius.
753 2633 783 2686 ιι,
796 2619 823 2685 ι,
836 2623 864 2675 et
877 2619 961 2676 Nom.

128 2717 150 2767 ι,
169 2706 224 2764 ιιι.
241 2702 324 2760 Unde
339 2703 430 2760 ctiam
456 2710 486 2760 et
509 2720 623 2762 merces
637 2706 806 2779 appelletur
820 2705 961 2779 plurimis

127 2795 302 2848 sanctarum
328 2793 546 2865 scripturarum
568 2793 666 2851 locis:
695 2810 845 2868 nusquam
872 2811 962 2867 porro

127 2879 210 2936 dicta
223 2883 267 2937 est
282 2896 397 2938 merces
408 2881 525 2953 justitia
537 2881 585 2939 vel
599 2881 684 2949 fides,
701 2884 774 2956 quia
782 2884 904 2955 iustitia
917 2883 962 2941 vel

127 2966 201 3024 iidei
212 2968 347 3026 redditur
358 2985 482 3027 merces.
495 2969 580 3038 Quod
591 2977 635 3028 est
647 2977 748 3029 sutem
764 2988 878 3030 merces
893 2988 963 3046 ope·

127 3056 224 3124 santi,
239 3056 297 3116 hcc
311 3057 451 3115 militanti
463 3060 658 3132 stipendium.

166 3146 212 3204 rt.
228 3145 287 3204 Sed
302 3146 408 3204 beatus
428 3149 590 3221 Apostolus
614 3148 762 3206 adversus
788 3149 959 3217 elationem,

129 3251 203 3310 quae
219 3251 314 3311 usque
327 3236 534 3308 adeomagnis
551 3242 644 3295 tentat
660 3238 800 3312 irrepere,
815 3242 847 3296 ut
861 3243 891 3297 et
902 3239 960 3298 sibi

129 3328 254 3400 propter
263 3326 359 3399 ipsam
370 3325 564 3385 dicetdatum
574 3327 716 3398 angelum
730 3329 887 3393 Satana,a
898 3345 961 3403 quo

128 3412 377 3486 colaphizaretur,
394 3429 430 3472 ne
446 3416 589 3473 verticem
604 3416 849 3489 presumptionis
869 3419 963 3490 erige·

128 3509 175 3562 ret
187 3503 225 3576 (tl
241 3503 309 3561 Cer.
324 3519 375 3570 ιιι,
390 3504 417 3575 ι)
435 3521 441 3561 :
458 3504 606 3561 adversus
631 3504 710 3561 hanc
727 3520 799 3577 ergo
822 3505 961 3564 elationis

127 3598 245 3668 pestem
253 3592 480 3664 vigilantissime
492 3593 636 3661 militans,
645 3593 958 3668 Stipendiuminquit,

124 3681 246 3754 percuti
257 3696 348 3739 mors.
361 3683 448 3739 Recte
465 3682 659 3754 stipendium,
672 3683 746 3757 quia
760 3683 896 3751 debetur,
909 3685 961 3758 qui

127 3770 221 3843 digne
235 3769 418 3838 retribuitur,
432 3786 493 3844 qua
506 3771 612 3829 merito
623 3770 767 3828 redditur.
785 3771 907 3839 Deinde,
923 3788 961 3831 ιιι

125 3858 245 3933 justitia
267 3858 306 3915 de
331 3857 467 3916 humano
497 3875 528 3916 ιι
554 3859 710 3918 ιιιοιιιιιι
737 3859 820 3919 bono
842 3861 959 3930 merito,

128 3949 208 4007 sicut
226 3948 394 4007 humanum
416 3950 558 4006 meritum
581 3948 694 4006 melum
717 3964 780 4007 non
806 3950 961 4008 dubitatur

127 4052 197 4094 esse
223 4041 392 4111 peccatum,
421 4052 483 4095 non
510 4038 698 4096 econtrario
719 4038 828 4106 retulit,
848 4039 961 4109 dicens,

128 4126 318 4200 Stipendium
338 4126 460 4199 justitia
482 4127 545 4184 vita
559 4132 671 4184 aterna
687 4146 694 4196 ;
710 4127 775 4194 sed,
792 4130 902 4200 gratia,
918 4129 961 4186 in·

127 4215 201 4289 quit,
218 4214 272 4273 Dei
288 4219 337 4274 utu
363 4221 486 4274 stema.
503 4217 536 4272 Et
549 4215 615 4273 haec
634 4231 672 4272 ne
694 4221 800 4289 praeter
822 4216 961 4275 Mediato-

126 4320 193 4363 rem
208 4304 310 4378 aliqua
321 4303 381 4362 alia
393 4305 640 4378 viaquaererctur,
656 4304 776 4376 adjecit,
792 4307 825 4363 iu
840 4305 960 4365 Ciriuc

105 4414 108 4418 “
125 4394 198 4452 iesu
206 4395 331 4451 Domino
340 4399 459 4453 uestro.-
469 4399 614 4466 unquam
627 4393 865 4463 diceret,hudito
875 4395 959 4470 quod

127 4482 311 4556 stipendium
326 4482 440 4556 pcccati
456 4483 494 4539 ιιι
511 4496 604 4549 mors,
620 4483 693 4555 quid
709 4489 735 4540 tc
756 4483 890 4556 disponis
911 4500 960 4541 ex·

127 4570 243 4638 tollere,
259 4585 278 4628 o
293 4570 439 4634 humana,
460 4585 521 4627 non
532 4571 657 4642 justitia,
672 4571 725 4629 sed
739 4573 860 4629 nomine
872 4572 960 4643 iusti-

127 4660 177 4717 tia
188 4658 279 4733 plane
295 4659 438 4733 superbia
451 4659 465 4716 ι
477 4659 550 4732 quid
564 4663 591 4715 te
613 4659 750 4732 disponis
764 4659 913 4728 extollere,
929 4664 959 4718 ct

127 4747 312 4805 contrariam
332 4747 421 4805 morti
435 4749 527 4805 vitam
546 4752 687 4805 aternam
713 4753 859 4821 tanquam
879 4748 958 4806 debi-

127 4843 195 4895 tum
208 4836 391 4910 stipendium
413 4835 575 4908 flagitaret
589 4836 641 4892 Cui
654 4835 780 4893 debetur
793 4836 855 4893 vita
874 4841 959 4894 ater·

127 4941 179 4992 na,
195 4941 266 4984 vera
277 4925 394 4998 justitia
407 4933 453 4982 est
467 4941 474 4982 :
490 4924 514 4982 si
527 4928 628 4981 autem
644 4940 712 4981 vera
726 4924 840 4995 iustitia
852 4933 906 4993 est,
921 4941 957 4983 ιι

129 5022 158 5074 ιι
171 5020 300 5082 nonest,
315 5015 473 5072 desursum
489 5018 534 5071 est
545 5014 732 5070 descendens
746 5028 764 5071 ι
777 5014 863 5072 Patre
872 5015 959 5072 lumi·

127 5120 204 5163 num
217 5104 336 5174 (iacobi
348 5120 367 5175 ι,
388 5104 444 5176 ιι).
461 5106 496 5162 ιιι
511 5102 636 5160 haberes
650 5118 730 5170 cam,
747 5102 772 5159 si
785 5108 887 5162 ιιιιιιιι
906 5102 959 5162 ha·

127 5194 270 5264 besesm,
280 5193 416 5266 prolecto
429 5192 572 5266 accepisti
582 5209 589 5249 :
598 5191 761 5265 quidsnim
774 5192 958 5268 hebesquod

127 5296 190 5339 non
204 5282 346 5355 accepisti
359 5282 382 5350 (t
397 5284 466 5340 Cor.
477 5296 518 5350 ιι,
530 5281 559 5351 7)
574 5279 589 5337 ι
604 5281 803 5354 Quapropter,
823 5283 959 5351 chomo,

129 5373 154 5428 si
169 5377 348 5446 accepturus
369 5387 401 5428 ss
419 5371 508 5427 vitem
532 5375 687 5436 aeternam,
701 5370 821 5442 justitiae
834 5371 959 5444 quidem

129 5459 314 5533 stipendium
329 5464 384 5526 est,
401 5458 454 5515 scd
469 5459 521 5516 tibi
534 5459 630 5529 gratia
642 5464 697 5525 est,
710 5460 758 5515 cui
772 5458 868 5530 gratia
880 5462 961 5516 estet

128 5551 198 5625 ipsa
206 5548 334 5623 justitia.
349 5547 411 5607 ribi
420 5547 500 5605 enim
514 5550 660 5620 tanquam
671 5545 769 5605 debita
779 5547 959 5616 redderetur,

127 5642 154 5698 si
167 5654 204 5698 ιι
218 5642 246 5696 ιι
264 5638 319 5695 tibi
334 5643 412 5697 esset
427 5637 543 5710 iustitis
558 5637 605 5695 cui
620 5635 756 5695 debetur.
776 5637 862 5695 Nunc
887 5651 961 5697 vere

748 174 999 239 amictuum
1021 175 1169 238 thassus
1186 180 1235 241 tlt.

1015 303 1056 361 de
1073 305 1257 379 plenitudine
1270 308 1336 381 eius
1345 310 1587 383 acecpimusnon
1600 315 1699 375 solum
1711 317 1850 391 gretiam,

1016 409 1078 467 qua
1100 411 1181 454 nunc
1195 395 1277 469 juste
1291 397 1322 455 in
1337 399 1491 458 laboribus
1504 419 1601 478 usque
1617 406 1647 463 ιιι
1662 407 1754 465 tinem
1779 410 1849 466 vivi·

1016 498 1097 551 mus,
1117 486 1170 542 sed
1197 486 1288 545 ctiam
1303 489 1431 560 gratiam
1454 505 1509 564 pro
1523 492 1580 549 hac
1599 496 1695 566 gratia
1715 497 1812 567 (toea.
1828 516 1848 565 ι,

1020 573 1267 647 legationeque
1280 578 1457 648 posteasine
1468 578 1528 637 tine
1537 582 1687 643 vivamus.
1702 585 1764 642 Hoc
1774 588 1849 644 nihil

1016 661 1166 719 salubrius
1185 663 1259 720 ildes
1274 666 1377 733 credit,
1393 668 1466 741 quia
1477 669 1551 727 nihil
1569 673 1667 730 verius
1682 674 1848 733 intellectus

1016 751 1130 808 invenit
1143 767 1152 807 t
1164 756 1194 808 et
1205 752 1354 810 debemus
1367 755 1472 813 audire
1487 760 1667 831 prophetam
1683 761 1843 832 dicentem,

1014 839 1081 897 Nisi
1092 840 1287 911 credideritis,
1298 859 1358 901 acu
1369 845 1634 920 iuteliipetis(tsui.
1659 866 1709 918 vu,
1724 857 1752 917 e,
1771 867 1830 913 sec.

1050 1018 1164 1076 CAPUT
1175 1020 1219 1075 vl.
1231 1019 1317 1077 -ιι,
1328 1021 1582 1083 Sedeueusutuut
1590 1041 1629 1089 se.
1638 1026 1743 1100 inquit,
1754 1027 1846 1086 tomi·

1013 1120 1077 1175 ues,
1089 1106 1142 1179 qui
1156 1110 1264 1166 uoluut
1279 1116 1358 1169 recte
1374 1116 1402 1168 et
1415 1112 1546 1181 fideliter
1567 1115 1676 1182 cium,
1691 1115 1845 1175 diceutes.-

1016 1195 1095 1264 Qus‘d
1105 1211 1158 1253 nce
1169 1197 1296 1268 fecimus
1307 1200 1446 1273 guimale
1457 1201 1592 1267 uiuimus,
1602 1205 1843 1277 qrsaudoquidem

1014 1284 1144 1356 oratiam
1156 1287 1235 1346 uude
1245 1287 1314 1345 berre
1326 1290 1501 1357 viveremus,
1511 1306 1572 1348 ιιι
1582 1293 1844 1362 accepimusiNon

1015 1378 1143 1443 possunt
1167 1375 1311 1432 veraciter
1330 1376 1430 1433 dicere
1444 1377 1518 1435 nihil
1541 1379 1611 1436 mali
1628 1395 1659 1436 se
1675 1380 1779 1438 iecisse
1791 1382 1844 1455 qui

1016 1460 1094 1518 male
1106 1461 1210 1518 vivunt
1225 1479 1232 1519 :
1249 1464 1274 1519 si
1289 1464 1369 1522 cuim
1384 1465 1458 1522 nibil
1479 1466 1551 1524 mali
1573 1468 1696 1536 iaciunt,
1712 1469 1790 1527 bene
1803 1471 1845 1526 vi·

1014 1556 1088 1606 vunt
1103 1567 1110 1619 ;
1125 1550 1149 1607 si
1168 1557 1269 1608 autem
1283 1552 1363 1610 mate
1380 1554 1493 1624 vivunt,
1508 1555 1546 1612 de
1562 1571 1619 1614 suo
1633 1557 1712 1614 male
1729 1558 1843 1625 vivunt,

1015 1637 1061 1695 vel
1076 1637 1158 1710 quod
1173 1638 1359 1712 originaliter
1378 1645 1542 1709 traxerunt,
1563 1644 1608 1700 vel
1622 1645 1707 1718 quod
1720 1645 1846 1719 insuper

1015 1725 1205 1784 addiderunt.
1214 1727 1272 1785 Sed
1281 1728 1305 1786 si
1316 1744 1389 1786 vasa
1402 1735 1471 1787 sunt
1482 1730 1544 1798 irre,
1553 1747 1622 1805 qua
1634 1733 1766 1805 perlecta
1775 1738 1846 1792 sunt

1014 1814 1055 1873 ad
1070 1813 1279 1887 perditionem,
1294 1832 1363 1890 qua
1378 1817 1436 1875 illis
1450 1818 1552 1878 debita
1563 1820 1709 1889 redditur,
1723 1821 1845 1880 sibiboe

1014 1903 1250 1978 imputantque
1260 1921 1296 1962 ιι
1309 1921 1345 1964 aa
1356 1921 1459 1964 massa
1471 1907 1637 1976 factasunt,
1651 1925 1745 1984 quam
1757 1926 1848 1985 prop·

1014 1997 1059 2050 ter
1080 1993 1168 2050 unius
1186 1998 1354 2067 peccatum,
1382 1996 1413 2052 in
1426 2012 1489 2069 quo
1503 2013 1609 2054 omnes
1632 2004 1845 2072 peccaverunt,

1015 2085 1121 2139 merito
1132 2082 1208 2139 tteus
1214 2083 1354 2157 justeque
1365 2084 1533 2143 damnavit:
1546 2086 1571 2142 si
1582 2091 1683 2144 autem
1692 2103 1765 2146 vasa
1776 2090 1846 2145 sunt

1016 2169 1240 2238 misericordia,
1255 2171 1368 2244 quibus
1381 2187 1419 2229 ιι
1434 2172 1541 2230 eadem
1562 2190 1662 2232 massa
1676 2175 1761 2233 iactis
1776 2191 1846 2249 sup-

1014 2257 1138 2332 plicium
1147 2259 1282 2317 debitum
1292 2260 1418 2318 reddere
1430 2261 1535 2334 noluit,
1548 2278 1609 2320 non
1623 2279 1655 2320 ee
1664 2263 1777 2331 inflent,
1792 2264 1847 2321 sed

1014 2348 1113 2421 ipsum
1129 2347 1306 2421 glorificent,
1316 2349 1371 2423 qui
1380 2351 1425 2407 ais
1439 2350 1675 2409 misericordiam
1688 2368 1749 2410 non
1764 2352 1848 2410 debi-

1015 2440 1077 2494 tam
1092 2437 1278 2510 praestitit,ct
1291 2438 1315 2495 si
1328 2438 1403 2510 quid
1415 2439 1500 2496 aliter
1516 2440 1648 2513 sapiunt,
1661 2445 1690 2499 et
1703 2441 1761 2500 hcc
1772 2457 1847 2515 quo·

1017 2540 1076 2598 que
1089 2524 1145 2582 illis
1160 2526 1223 2598 ipsc
1233 2526 1377 2583 revelabit
1391 2527 1538 2601 (Philipp.
1553 2544 1594 2596 ιιι,
1614 2530 1667 2602 ιιι).

1051 2617 1099 2672 ιι.
1113 2617 1264 2672 Postremo
1278 2630 1412 2690 quonam
1429 2632 1460 2673 se
1470 2617 1517 2674 isti
1529 2618 1715 2675 excusabunt
1726 2619 1819 2677 modo
1832 2620 1847 2678 ι

1017 2705 1129 2776 Nempe
1140 2703 1189 2761 illo
1198 2719 1289 2777 quem
1306 2704 1435 2763 breviter
1449 2710 1595 2780 tauquam
1608 2723 1643 2764 ιι
1655 2723 1761 2765 eorum
1773 2723 1847 2767 voce

1017 2791 1073 2848 sibi
1093 2791 1204 2864 objecit
1226 2793 1395 2865 Apostolus,
1422 2800 1454 2849 ut
1478 2794 1581 2852 dicant
1609 2814 1616 2851 ε
1646 2797 1724 2865 Quid
1746 2798 1848 2855 adbuc

1015 2880 1211 2953 conqueritur
1221 2882 1236 2937 ι
1245 2895 1317 2938 uam
1330 2883 1481 2940 uoluntati
1492 2885 1558 2952 ejus
1568 2885 1635 2957 quis
1644 2885 1753 2943 resistit
1762 2886 1777 2943 ι
1786 2886 1847 2943 lloc

1015 2968 1154 3027 estenim
1169 2969 1278 3036 dicere,
1295 2969 1370 3036 Quid
1386 2968 1526 3027 danobis
1552 2971 1584 3027 tit
1603 2972 1736 3045 querele,
1763 2974 1846 3047 quod

1018 3059 1111 3115 Deum
1125 3056 1316 3114 offendamus
1329 3058 1408 3115 male
1423 3058 1639 3126 vivendc,cum
1649 3059 1727 3116 illius
1742 3061 1846 3118 volun·

1017 3147 1069 3203 tati
1079 3162 1169 3204 nemo
1184 3147 1282 3219 possit
1291 3146 1436 3215 resistere,
1448 3147 1500 3219 qui
1516 3162 1572 3204 nos
1582 3147 1743 3206 obduravit
1757 3150 1845 3206 mise·

1015 3235 1176 3294 ricordiem
1188 3250 1250 3292 non
1261 3235 1455 3308 prestando?
1470 3236 1499 3293 si
1509 3250 1580 3306 ergo
1591 3235 1658 3293 itlos
1674 3252 1735 3294 non
1750 3237 1844 3310 pudet

1017 3324 1074 3383 hac
1089 3324 1292 3391 excusatione,
1306 3337 1368 3381 nou
1388 3325 1488 3393 nobis,
1503 3325 1556 3381 sed
1569 3325 1715 3397 Apostolo
1729 3331 1847 3385 coutra-

1015 3414 1126 3481 dicere,
1146 3428 1200 3470 cur
1220 3428 1277 3469 nos
1296 3413 1397 3486 pigeat
1414 3414 1458 3470 ιιι
1477 3413 1560 3487 quod
1586 3414 1659 3472 dixit
1673 3413 1845 3487 Apostolus,

1015 3502 1073 3560 boc
1085 3502 1165 3559 idem
1177 3506 1266 3576 atqru
1275 3501 1441 3560 identidem
1455 3502 1572 3559 dicere:
1588 3503 1720 3565 Ohcmc.
1735 3509 1768 3561 tu
1779 3506 1845 3578 quis

1015 3606 1044 3649 es
1058 3591 1111 3663 qui
1124 3591 1304 3661 respondeus
1318 3592 1380 3648 Dec
1391 3591 1405 3648 ι
1417 3592 1571 3665 Numquid
1582 3592 1655 3650 dicit
1668 3594 1844 3664 firmentum

1015 3680 1042 3738 ei
1054 3679 1107 3753 qui
1120 3693 1151 3736 se
1160 3680 1260 3750 tinuit,
1277 3681 1376 3749 Quare
1386 3680 1430 3737 sic
1442 3696 1489 3738 me
1497 3681 1599 3752 feristi
1612 3680 1627 3736 i
1639 3697 1742 3741 uuucu
1757 3683 1844 3741 taret

1013 3775 1189 3840 pacatulam
1212 3770 1325 3841 figulus
1346 3769 1413 3837 tuti,
1429 3769 1581 3827 eaecdm
1605 3784 1713 3836 masse,
1739 3771 1843 3844 utique

1015 3856 1121 3915 merito
1134 3861 1273 3930 recteque
1285 3856 1443 3923 damnata,
1454 3857 1557 3928 fucere
1568 3857 1655 3916 uliud
1676 3872 1729 3916 uas
1742 3858 1775 3916 iu
1789 3859 1843 3917 iso-

1014 3961 1117 4004 uorem
1139 3944 1308 4003 indebitum
1323 3952 1445 4020 propter
1468 3946 1680 4004 misericordia
1703 3946 1841 4020 gratiam

1014 4035 1103 4095 uliud
1116 4035 1148 4093 iu
1170 4036 1382 4093 contumelium
1401 4033 1533 4092 debitam
1559 4040 1679 4108 propter
1692 4035 1744 4092 irae
1759 4035 1843 4108 justi-

1013 4125 1099 4192 tiam,
1112 4128 1142 4182 ιι
1152 4128 1186 4180 ut
1197 4127 1284 4181 notas
1299 4123 1388 4182 iaciat
1401 4123 1518 4180 diritius
1532 4123 1634 4194 glorie
1647 4140 1710 4182 sua
1723 4124 1754 4181 in
1771 4140 1843 4184 vasu

1013 4211 1300 4282 misericordiane
1326 4211 1488 4269 ostendens
1514 4212 1588 4285 quid
1616 4212 1660 4270 eis
1686 4212 1840 4289 largiatur,

1012 4316 1084 4360 cum
1100 4301 1132 4359 id
1145 4300 1329 4374 supplicium
1343 4300 1490 4374 recipient
1502 4316 1577 4358 vasa
1592 4300 1654 4373 ira,
1667 4301 1751 4374 quod
1763 4301 1841 4374 pari·

1012 4396 1057 4448 ter
1083 4388 1225 4447 omnibus
1240 4388 1432 4447 debebatur?
1454 4388 1533 4446 Satis
1553 4388 1592 4445 sit
1605 4390 1722 4446 interim
1749 4389 1840 4446 chris·

1012 4478 1095 4535 tiano
1113 4494 1150 4534 ιι
1173 4477 1232 4534 tide
1247 4476 1347 4534 adhuc
1361 4477 1483 4543 viventi,
1498 4478 1528 4533 ιι
1541 4477 1679 4534 nondum
1706 4477 1840 4534 cernenti

1011 4566 1094 4640 quod
1110 4566 1273 4639 perfectum
1296 4571 1350 4634 est,
1368 4564 1421 4622 sed
1435 4580 1473 4622 ιι
1496 4570 1582 4638 parte
1606 4565 1709 4622 scienti
1728 4565 1752 4638 (ι
1767 4566 1839 4627 Cor.

1010 4670 1074 4720 xro,
1089 4659 1115 4721 ι,
1132 4653 1189 4725 lo),
1204 4668 1293 4711 nosse
1306 4653 1353 4711 vel
1367 4652 1488 4711 credere
1502 4653 1585 4727 quod
1595 4654 1749 4711 nemiuem
1761 4656 1838 4711 Deus

1012 4742 1118 4800 liberat
1140 4742 1199 4798 nisi
1220 4742 1350 4813 gratuita
1374 4742 1580 4801 misericordia
1602 4758 1656 4816 pcr
1677 4744 1838 4801 Dominum

1011 4836 1149 4890 nostrum
1157 4832 1259 4887 iesum
1272 4831 1432 4898 christum,
1446 4835 1475 4889 ιι
1484 4831 1637 4889 nemiuem
1647 4831 1772 4890 damnet
1781 4830 1838 4888 nisi

1011 4919 1314 4995 aquissimavsritate
1323 4920 1523 4995 pereumdem
1533 4920 1840 4979 Dominumnosirum

1010 5012 1114 5067 iesum
1128 5008 1289 5066 Christum.
1312 5013 1485 5069 Curautcm
1510 5010 1594 5068 illum
1619 5009 1719 5083 potius
1743 5021 1839 5081 quam

1011 5099 1097 5157 iilum
1111 5098 1216 5156 liberet
1231 5103 1284 5156 aut
1298 5113 1360 5156 non
1377 5098 1490 5167 liberet,
1508 5103 1654 5156 scrutetur
1673 5097 1726 5171 qui
1740 5099 1840 5170 potest

1010 5189 1195 5261 iudiciorum
1205 5188 1270 5261 ejus
1279 5193 1342 5245 tam
1354 5204 1501 5259 magnum
1513 5186 1710 5260 protundum,
1722 5201 1840 5244 verum·

1014 5284 1115 5336 tamen
1125 5282 1231 5335 caveat
1245 5276 1456 5350 precipitium.
1470 5273 1624 5349 Numquid
1638 5275 1719 5333 euim
1729 5279 1776 5333 ast
1785 5274 1841 5332 ini·

1013 5367 1113 5439 quites
1126 5364 1209 5440 apud
1222 5367 1315 5422 Deum
1329 5363 1344 5422 i
1362 5365 1444 5421 ausit
1457 5381 1465 5422 ι
1480 5364 1533 5421 sed
1545 5363 1750 5422 inscrutabilia
1769 5366 1841 5421 sunt

1010 5454 1123 5528 judicia
1135 5455 1212 5527 ejus,
1226 5457 1257 5511 ιι
1273 5452 1498 5523 investigabiles
1513 5452 1567 5509 viae
1581 5452 1657 5524 ejus.

1048 5544 1093 5600 ut.
1109 5545 1143 5602 Et
1170 5543 1201 5599 in
1226 5541 1393 5614 majoribus
1408 5541 1557 5599 duntaxat
1571 5540 1707 5599 eetaNbus
1735 5540 1841 5600 merito

1014 5630 1076 5691 dlci
1090 5635 1188 5711 potest
1203 5646 1211 5689 ε
1230 5630 1261 5688 tlt
1274 5629 1435 5691 noluerunt
1448 5629 1622 5707 intelligere,
1636 5632 1669 5690 ut
1681 5630 1759 5690 benc
1773 5645 1843 5707 age·
