3952 6128
1689 164 1770 233 'sort
1831 136 1834 143 ¹

73 160 144 221 ¹073
693 151 949 218 EPISTOLARUM
968 153 1112 217 maesta
1130 159 1177 220 Ν.

69 302 136 346 cere
151 287 274 347 tandem
284 287 449 364 aliquando
458 288 611 361 dignatur.
623 286 793 347 Nuncenim
806 283 895 342 nobis
949 288 1071 357 propter
1085 301 1136 345 ecs
1149 286 1226 346 flunt
1239 286 1308 355 ista,
1327 288 1380 365 qui
1401 290 1516 361 vivunt,
1530 293 1614 369 prius
1628 299 1672 355 est
1687 301 1718 357 ut
1733 303 1775 371 tu,

67 381 112 434 est
125 393 224 435 rerum
237 378 441 437 humanarum
454 383 483 436 et
500 378 669 436 divinarum
683 392 753 434 cum
766 376 893 432 benevo-
948 371 1001 445 qut
1015 376 1165 435 consolari
1184 382 1248 451 ejus
1272 378 1361 437 laude
1385 381 1547 451 desideras,
1564 386 1606 445 ita
1620 387 1714 460 vivas,
1744 395 1777 448 ut

65 465 157 525 lentia
169 471 198 524 et
218 467 362 525 charitate
377 467 535 526 consensio
549 467 579 524 in
595 467 709 526 christo
720 469 819 523 lesum
837 466 892 519 ltc-
946 459 1007 519 illic
1022 463 1072 521 ubi
1088 465 1154 538 ipsa
1169 473 1222 534 est,
1239 472 1467 528 essemcrearis.
1481 475 1581 547 Neque
1597 476 1677 533 enim
1689 476 1776 536 dubi·

64 557 150 614 mino
169 562 281 618 nostro.
297 558 451 616 verissima
469 574 544 632 pace
559 564 669 615 nostra.
695 556 751 624 Qui
772 554 892 612 duobus
947 552 977 606 to
992 551 1074 625 quod
1084 569 1221 613 eamnon
1232 558 1339 614 credas
1349 558 1390 615 ibi
1403 575 1479 632 esse,
1489 561 1543 618 ubi
1558 562 1616 619 illm
1629 570 1775 639 suntque

64 644 890 720 praeceptiscunctaproeconiadivinaeonclusit,dicensz
946 640 990 697 vel
1005 642 1158 701 adulteriis
1173 646 1314 704 lectulum
1331 649 1521 721 coniugalem
1534 651 1715 724 polluerunt,
1730 654 1774 713 vel

62 735 179 807 Diliges
195 737 353 793 Dominum
367 737 461 794 Deum
472 744 553 794 tuum
568 752 606 795 ca
620 743 680 794 tcto
694 735 782 793 corde
794 740 856 799 tuo,
865 736 891 787 et
946 728 1029 787 nullo
1053 733 1194 804 conjugio
1219 735 1356 806 deligatae
1387 738 1584 797 fornicatione
1612 741 1773 800 fluxerunt.

63 839 102 883 ea·
114 830 176 882 tcto
191 824 363 893 animatae,
379 832 406 884 ct
418 833 527 884 estote
537 832 634 884 mente
648 832 720 892 tuo;
729 828 768 891 ct,
783 822 891 894 Diliges
945 817 1052 890 Quare,
1065 818 1102 876 de
1114 821 1192 878 illius
1204 823 1294 880 laude
1308 825 1371 881 viro
1385 825 1473 897 longe
1485 828 1621 885 dissimili
1630 831 1716 903 quasi
1727 831 1774 888 lu-

59 914 232 985 prueimum
248 920 331 973 tuum
348 921 492 990 tauquam
512 915 648 986 tapsum.
669 915 705 972 lu
723 913 760 970 iis
774 911 890 969 duobus
943 907 1099 977 gereretis
1116 911 1443 980 moestitiam,adulatio
1456 921 1509 983 est,
1527 918 1771 977 nonconsolatio.

60 1003 218 1074 preceptis
229 1008 292 1062 tcto
302 1005 363 1062 Les
371 1005 511 1075 peudctct
524 1004 681 1075 Propheta
693 1002 813 1072 (ltctth.
828 1014 889 1058 xxu
943 994 1019 1052 Nam
1032 997 1056 1054 si
1070 1013 1139 1056 eam
1149 1000 1288 1071 diligeres
1299 1003 1374 1060 sicut
1383 1004 1449 1077 ipsa
1458 1010 1484 1061 te
1497 1005 1610 1080 dilexit,
1625 1022 1773 1066 servasses

61 1092 168 1165 ³740).
184 1096 215 1149 ,ῃ
229 1092 281 1150 1110
302 1094 401 1166 primo
416 1109 516 1151 mum
530 1093 710 1160 divinarum,
723 1091 755 1150 in
773 1092 832 1149 1100
845 1106 889 1148 ω.
943 1084 969 1139 ei
981 1085 1065 1158 quod
1076 1087 1126 1144 tibi
1137 1089 1348 1162 ipsaservavit.
1359 1094 1390 1149 Et
1401 1108 1470 1149 cum
1481 1093 1575 1160 illusi
1586 1097 1668 1168 prior
1678 1095 1773 1154 obiis-

60 1180 160 1238 cundo
174 1196 274 1238 rerum
297 1182 501 1240 humanarum
525 1186 570 1239 est
591 1199 661 1239 cum
680 1179 888 1239 benevolentia
942 1188 983 1241 ὅθ,
1001 1174 1082 1232 nullo
1097 1184 1189 1234 modo
1204 1179 1355 1236 credenda
1371 1180 1409 1238 Sil
1423 1181 1567 1256 cuiquam
1583 1184 1674 1242 luisse
1694 1200 1773 1260 ΜΡ·

58 1274 88 1327 et
100 1269 245 1327 charitate
259 1271 428 1328 consensio.
440 1274 507 1329 lloec
526 1271 587 1329 duo
600 1270 623 1327 si
641 1286 760 1328 mecum
776 1269 888 1326 firmis·
941 1265 1008 1320 iura
1037 1279 1161 1330 311011110
1186 1265 1209 1323 ti
1237 1283 1305 1324 vete
1322 1269 1437 1327 obitum
1463 1273 1528 1344 ejus
1549 1273 1691 1331 laudibus
1705 1276 1771 1347 eius

59 1357 135 1415 sime
157 1363 270 1430 teneas,
288 1360 419 1419 amicitia
431 1366 535 1419 nostra
554 1377 625 1418 vera
650 1377 685 1419 ac
704 1358 887 1433 sempiterna
940 1352 1142 1410 consolandus
1156 1354 1283 1424 doleres,
1298 1372 1334 1413 ne
1358 1375 1451 1416 unam
1467 1360 1590 1433 quidem
1610 1378 1645 1420 tto
1658 1362 1769 1421 licitam

57 1447 114 1505 erit
130 1466 138 1518 ;
152 1453 181 1506 st
193 1464 254 1506 non
266 1450 364 1507 sctum
377 1465 432 1508 nos
442 1450 582 1519 invicem,
594 1449 646 1507 sed
656 1450 713 1524 ipsi
726 1448 816 1507 etiam
830 1451 888 1506 uc-
939 1446 1007 1515 post
1021 1440 1104 1499 illem
1118 1444 1280 1518 conjugem
1294 1463 1444 1521 quereres
1459 1450 1473 1506 t

57 1537 141 1594 mino
153 1537 289 1596 ,ogjabsg
975 1530 1003 1589 i.
1016 1531 1068 1588 llic
1079 1537 1110 1589 tu
1125 1533 1260 1591 dicturus
1272 1551 1303 1592 ea
1316 1561 1322 1593 ι
1335 1537 1411 1603 Quid
1425 1555 1542 1596 mecum
1559 1556 1665 1614 aspere
1680 1541 1771 1614 agisl

94 1630 120 1682 5,
137 1625 223 1694 Quod
237 1632 269 1685 ut
286 1628 348 1696 flat,
364 1629 504 1688 „hortor
519 1631 695 1703 gravitatem
711 1633 740 1686 gg
753 1626 886 1703 prum.
937 1619 1012 1694 quid
1024 1620 1098 1678 dure
1110 1621 1254 1695 objurgas
1269 1624 1284 1681 i
1297 1627 1401 1682 Nonne
1416 1627 1492 1685 inter
1503 1629 1569 1685 hoec
1593 1631 1686 1688 verba
1700 1647 1769 1688 ecce

57 1713 131 1772 fiam
148 1722 230 1774 ruam
247 1722 278 1773 ut
289 1717 354 1790 jam
367 1719 457 1776 egam
472 1718 807 1778 fideliumsgcmmentg
819 1732 884 1790 per.
939 1709 1108 1779 senuimus,
1123 1711 1197 1768 dum
1226 1713 1284 1770 rita
1303 1714 1419 1772 ducitur
1432 1716 1514 1788 prius
1527 1717 1662 1777 finienda
1675 1736 1770 1793 quam

56 1803 151 1876 cipias
167 1820 174 1860 :
188 1804 364 1863 decetenim
378 1812 509 1874 aetatem,
521 1813 550 1866 et
566 1807 714 1880 congruit,
736 1810 885 1880 quantum
937 1798 1139 1869 corrigenda?
1156 1801 1202 1858 Vis
1219 1807 1250 1858 ut
1271 1802 1428 1874 ignoscam
1455 1806 1596 1864 exitiabili
1619 1809 1769 1867 securitati

56 1892 158 1960 credo,
174 1894 311 1951 moribus
325 1896 393 1952 tuis,
417 1898 562 1955 figmento
583 1896 656 1971 quid
678 1895 751 1954 mihi
774 1894 885 1953 dixeris
938 1889 1013 1943 ture:
1028 1891 1425 1963 qrrantosatiustuignoscis,
1434 1894 1457 1949 si
1470 1910 1530 1951 nou
1541 1897 1676 1966 amabili,
1689 1903 1769 1954 certe

56 1981 238 2054 properum,
251 1984 401 2042 commum
414 1985 539 2060 quidem
551 1987 588 2044 dg
602 1986 746 2050 Temno,
763 1985 786 2041 ,j
799 1999 885 2042 1000.
937 1976 1100 2033 miserabili
1115 1977 1307 2036 sollicitudini
1321 1982 1417 2038 mem‘l
1429 1982 1555 2041 lnimico
1569 1984 1693 2057 quidem
1706 1985 1768 2043 ani-

57 2070 104 2137 m,
117 2087 248 2140 mmm,
264 2073 317 2130 ,ed
327 2079 427 2132 tamen
437 2075 626 2149 ,pffisimum
636 2081 663 2134 01
674 2074 883 2133 utilissimum
936 2078 988 2121 mo
1006 2062 1116 2121 Tullius
1131 2065 1339 2138 invehebatur,
1360 2077 1387 2125 et
1407 2069 1495 2143 longe
1518 2071 1577 2129 alia
1601 2078 1665 2131 crat
1682 2079 1768 2132 terre·

937 2166 1009 2210 nam
1021 2154 1238 2227 rempublicam
1254 2157 1449 2227 gubernantis
1468 2161 1603 2228 intentio,
1618 2169 1648 2219 et
1664 2168 1767 2221 tamen

937 2241 999 2299 ait:
1016 2241 1117 2315 Cupio,
1131 2245 1235 2302 Patres
1250 2247 1420 2316 conscripti,
1436 2265 1480 2304 mc
1498 2264 1558 2307 esse
1572 2252 1769 2318 clementem

937 2332 1024 2400 cupio
1034 2331 1066 2389 a'a
1081 2335 1172 2390 tuutis
1187 2334 1356 2405 reipublicae
1367 2337 1504 2406 periculis
1519 2355 1578 2396 uon
1593 2341 1767 2397 dissolutum

937 2419 1032 2477 uideri
1045 2420 1119 2492 (Cic.
1131 2438 1186 2492 pro
1199 2422 1228 2482 S.
1243 2424 1351 2495 lices).
1366 2426 1483 2493 Quanto
1496 2427 1607 2499 justius
1618 2443 1674 2499 ego
1688 2429 1767 2499 dico,

937 2507 1765 2589 cumipsenoverisquamtibiamicumanimumgeram‚

937 2596 968 2653 in
990 2603 1108 2655 aeternae
1132 2600 1260 2657 civitatis
1285 2602 1406 2660 servitio
1419 2606 1600 2662 constitutus
1630 2607 1766 2663 minister

937 2686 1018 2744 verbi
1032 2690 1274 2763 sacramentique
1287 2690 1382 2748 divini
1397 2715 1404 2748 z
1419 2695 1521 2766 cupio,
1538 2694 1626 2753 irater
1639 2695 1765 2763 Corneli,

937 2790 985 2831 me
1004 2790 1068 2833 esse
1084 2775 1261 2835 clementem
1278 2794 1285 2845 ;
1301 2780 1390 2852 cupio
1405 2782 1436 2837 in
1450 2783 1540 2839 tantis
1553 2783 1613 2840 tuis
1628 2783 1766 2857 meisque

935 2863 1074 2937 periculis
1087 2879 1146 2922 non
1159 2865 1337 2923 dissolutum
1353 2869 1472 2926 viderit

971 2952 998 3008 3.
1011 2951 1097 3010 Plebs
1113 2954 1272 3012 mulierum
1284 2957 1413 3014 excubat
1423 2957 1565 3015 lateribus
1576 2959 1645 3027 tuis,
1659 2961 1768 3019 erescit

90 2192 167 2245 Nunc
179 2193 222 2245 hic
232 2193 289 2245 dies
297 2195 381 2247 vitam
393 2196 568 2253 elimatiori,
577 2195 644 2247 alios
654 2209 742 2247 mores
755 2194 884 2260 postulat.

461 2258 533 2322 (Ter.
548 2259 632 2309 Andr.
648 2259 705 2309 Act.
720 2259 742 2316 l,
759 2260 800 2308 Se.
816 2259 852 2320 2.)

59 2361 147 2428 Quod
162 2361 187 2418 si
202 2364 345 2421 veraciter
359 2363 468 2430 dixisti,
483 2365 559 2422 sicut
573 2365 610 2422 de
626 2371 652 2421 te
672 2364 810 2423 dubitare
821 2380 884 2422 non

58 2450 153 2508 debeo
167 2467 175 2519 ;
182 2452 249 2525 jam
265 2452 396 2525 prolecto
407 2453 448 2511 sic
463 2453 537 2511 vivis
552 2461 583 2510 ut
593 2454 634 2510 sis
646 2453 755 2526 dignus
767 2453 883 2527 Baptis-

59 2555 110 2597 mo
133 2540 257 2598 salutari
280 2542 485 2600 remissionem
509 2544 726 2617 preteritorum
741 2556 884 2617 accepere

57 2633 262 2702 peccatorum.
274 2633 347 2688 llam
358 2631 550 2689 omninonon
564 2637 609 2689 est
621 2631 669 2688 cui
680 2630 764 2689 alteri
777 2636 884 2705 praeter

58 2716 220 2774 Dominum
233 2718 380 2777 Christum
393 2720 473 2779 dicat
491 2736 588 2792 genus
602 2720 771 2778 humanum
785 2737 793 2778 ι

121 2844 157 2895 Te
169 2845 238 2897 duce
250 2847 335 2911 siqua
348 2851 460 2898 manent
470 2848 579 2900 sceleris
594 2848 709 2913 vestigia
720 2847 815 2903 nostri,

120 2907 197 2958 lrrita
210 2914 342 2974 perpetua
356 2910 461 2962 solvent
472 2910 615 2962 tormidine
626 2915 720 2961 terras.

543 2973 631 3037 (Viro.
647 2972 739 3036 Estne.
749 2971 789 3034 l.)

56 3075 145 3142 Quod
159 3092 194 3135 ex
208 3078 343 3148 Cumano,
358 3078 389 3135 id
404 3085 459 3144 est,
477 3095 514 3137 ex
535 3078 679 3152 Sibyllino
704 3077 837 3136 carmine
852 3093 884 3135 se

55 3162 154 3222 lassus
164 3172 209 3223 est
219 3166 408 3225 transtulisse
417 3168 558 3240 Virgilius
569 3168 730 3243 rquoniam
743 3167 882 3225 fortassis

55 3252 292 3312 etiamillavates
303 3255 418 3329 aliquid
426 3256 464 3314 de
475 3257 564 3315 unico
574 3256 765 3315 Salvatorein
778 3256 884 3330 spiritu

55 3342 203 3412 audierat,
217 3344 299 3417 qued
311 3359 432 3401 necesse
446 3344 552 3403 habuit
566 3345 708 3403 confiteri.
731 3347 798 3402 lime
818 3345 881 3414 tibi,

53 3429 178 3487 domine
194 3431 298 3489 merito
313 3433 512 3506 suscipiende,
524 3438 552 3491 et
563 3434 593 3492 in
604 3433 718 3492 Christo
728 3432 881 3492 dilectissi-

54 3533 104 3575 me
119 3534 155 3575 ac
167 3520 442 3578 desiderantissime
454 3521 554 3590 irater,
566 3522 625 3579 sive
635 3539 742 3596 pauca,
753 3521 882 3580 sivelor·

54 3607 132 3663 sitan
140 3607 308 3683 multasint,
316 3616 479 3685 utcumque
489 3611 743 3686 occupatissimus
754 3611 860 3684 scripsi
872 3628 879 3669 ε

53 3701 106 3755 tua
120 3714 239 3755 sumere
254 3699 397 3773 rescripta
410 3700 560 3769 desidero,
574 3707 602 3758 et
616 3706 644 3759 te
659 3716 771 3758 nomen
783 3700 882 3757 dedis·

54 3780 87 3843 se
101 3787 397 3860 intercompetentes‚
406 3789 601 3848 veldaturum
612 3806 685 3856 esse,
692 3789 881 3863 jamjamque

54 3889 246 3946 cognoscere.
263 3876 409 3934 Dominus
427 3879 506 3936 Deus
519 3884 629 3944 noster,
656 3878 687 3937 in
708 3892 800 3951 quem
821 3892 882 3934 cre·

54 3961 166 4032 didisti,
180 3970 208 4022 et
220 3966 268 4023 hic
286 3970 315 4023 et
327 3966 358 4024 in
370 3967 471 4024 futuro
487 3968 596 4025 soeculo
608 3972 635 4023 te
650 3971 814 4031 conservet,
828 3965 881 4021 do·

55 4052 135 4110 mine
151 4055 255 4112 meritc
266 4056 464 4127 suscipiende,
479 4057 545 4114 etin
560 4055 677 4114 Christo
689 4054 880 4113 dilectissime

53 4156 90 4199 ac
103 4140 379 4202 desiderantissime
388 4145 487 4204 irater.

275 4272 441 4330 urrerem
460 4272 580 4330 cmrx'
599 4272 655 4346 (a).

53 4389 241 4462 Augustinus
253 4393 497 4453 dorneticsccrtis
509 4393 878 4462 dedituudrucuensillum

90 4480 284 4550 utGupricuae
300 4485 878 4557 uxorisdctunctapudicitiomimitetur,

90 4568 117 4625 si
131 4571 200 4627 uelit
214 4571 300 4629 iltius
311 4573 474 4645 impetrare
480 4576 591 4634 usuales.

55 4695 179 4755 Domine
190 4697 393 4768 dilectissimo,
408 4705 437 4757 ct
449 4701 618 4760 honorabili
635 4701 716 4759 tratri
729 4702 878 4764 Coaaeuo,

374 4795 557 4848 hususrruus.

92 4905 117 4956 t.
133 4902 360 4977 Scripsistimihl
373 4914 404 4963 ut
412 4906 450 4964 ad
460 4907 625 4980 tealiquarn
638 4906 785 4980 prolixam
796 4905 879 4978 epis·

54 4989 148 5048 tolam
163 4995 605 5070 consolatoriamdarem,quod
616 4997 745 5067 graviter
758 4996 880 5068 optimae

54 5080 154 5137 uxoris
177 5089 271 5140 morte
288 5087 458 5153 movereris,
476 5087 552 5143 sicut
567 5092 704 5144 sanctum
719 5084 880 5142 Paulinum

54 5165 94 5223 ad
109 5170 269 5229 llacarium
281 5173 385 5231 iecisse
394 5174 564 5232 meministi.
579 5175 611 5231 Et
624 5175 674 5232 illa
682 5175 806 5249 quidem
819 5174 882 5232 ani·

55 5257 321 5320 mainsocietatem
337 5268 456 5336 recepta
468 5264 600 5321 lldcliunr
618 5270 707 5339 atque
718 5270 880 5332 castarum,

55 5345 161 5404 laudes
181 5365 236 5407 nec
250 5356 344 5418 curat,
360 5368 415 5409 nec
429 5354 535 5426 quaerit
548 5353 700 5411 humanas
721 5371 729 5423 ;
744 5354 796 5413 sed
810 5354 883 5428 quia

89 5524 104 5557 ¹³
120 5524 285 5577 Correctasd
296 5542 324 5583 c.
343 5527 360 5578 b
381 5528 435 5579 .bl.
446 5543 471 5585 c.
488 5543 526 5581 cc.
537 5529 564 5580 u.
577 5544 601 5596 g.
614 5545 658 5597 gv.
666 5531 690 5596 j.
702 5545 728 5582 n.
739 5546 761 5583 r.
771 5545 796 5589 s.
809 5531 848 5585 sb.
862 5534 882 5584 t.

57 5599 102 5641 vc.
120 5592 238 5651 quatuor
254 5603 281 5639 v.
300 5594 326 5641 et
381 5591 408 5641 d.

90 5653 125 5714 (a)
139 5650 211 5735 Alias
226 5652 271 5702 125
287 5666 295 5704 s
311 5667 371 5720 quse
385 5658 475 5708 suum
487 5657 534 5709 itt
550 5660 616 5719 eret,
633 5670 706 5711 nunc
718 5658 773 5713 ttt.

936 3039 967 3096 in
981 3040 1045 3097 dies
1059 3041 1198 3113 pellicum
1211 3059 1356 3101 numerus
1371 3062 1378 3113 ;
1393 3047 1636 3117 ejusdemautem
1646 3049 1764 3104 numeri

936 3127 1173 3196 dominum,imo
1186 3147 1257 3189 vero
1266 3149 1386 3190 servum
1395 3135 1558 3192 insatiabili
1573 3151 1625 3207 per
1637 3139 1766 3193 totscor-

936 3216 1102 3275 talibidine
1116 3218 1313 3289 diffluentem,
1340 3227 1369 3278 et
1386 3222 1492 3280 laudes
1511 3223 1659 3281 deiunctae
1674 3229 1765 3283 casta

936 3308 1072 3380 conjugis
1085 3323 1103 3365 a
1118 3309 1217 3377 uobis,
1230 3311 1311 3368 velut
1325 3312 1364 3368 ad
1378 3313 1576 3384 mitigandam
1591 3315 1763 3372 moestitiam

935 3412 1033 3463 suam,
1046 3397 1113 3470 jure
1128 3398 1264 3456 amicitiae
1278 3400 1464 3471 flagitantem
1475 3403 1608 3475 episcopi
1619 3403 1765 3475 patienter

935 3485 1078 3542 audimus
1092 3488 1104 3542 t
1126 3488 1181 3553 Qui
1201 3504 1270 3545 cum
1283 3504 1376 3557 esses,
1388 3506 1450 3547 non
1465 3492 1565 3548 dicem
1577 3492 1764 3550 catechume·

935 3589 1003 3641 nus,
1015 3574 1069 3631 sed
1081 3576 1110 3632 in
1121 3591 1220 3634 errore
1232 3577 1391 3635 nobiscum
1407 3580 1664 3652 perniciosissimo
1677 3596 1763 3639 cons·

934 3663 1039 3720 titutus
1058 3664 1189 3735 iuvenis,
1203 3665 1373 3737 junioribus
1387 3669 1488 3738 nobis,
1508 3669 1620 3727 abhoc
1642 3675 1670 3726 te
1693 3671 1763 3728 vitio

934 3752 1207 3823 temperantissima
1235 3754 1386 3813 voluntale
1408 3771 1590 3823 correxeras,
1615 3773 1677 3831 quo
1701 3773 1762 3816 non

934 3844 1002 3912 post
1013 3838 1138 3911 longum
1161 3846 1279 3914 tempus
1297 3844 1458 3911 sordidius,
1474 3845 1639 3913 revolutus,
1653 3844 1763 3903 deinde

932 3928 964 3984 in
973 3932 1107 3985 extremo
1121 3930 1187 3986 vitae
1200 3930 1332 4003 periculo
1345 3933 1597 4003 cupersanense
1611 3934 1723 3998 dicam,
1735 3938 1762 3991 te

935 4031 1015 4083 sene,
1032 4016 1085 4073 sed
1103 4017 1192 4075 etiam
1213 4020 1302 4076 nobis
1323 4027 1400 4080 certe
1422 4023 1486 4095 jam
1500 4023 1622 4081 senibus
1637 4027 1666 4080 et
1679 4022 1763 4080 insu·

933 4119 987 4178 per
1003 4105 1162 4180 episeopis,
1185 4107 1324 4166 nondum
1338 4111 1518 4169 emendaris.
1542 4113 1594 4168 Vis
1620 4111 1659 4168 de
1672 4112 1761 4168 bonae

934 4194 1035 4251 uxoris
1050 4200 1145 4253 morte
1161 4211 1213 4269 per
1234 4212 1290 4255 nos
1305 4200 1456 4257 consolari
1471 4218 1479 4257 ι
1504 4216 1560 4259 nos
1584 4201 1623 4258 de
1637 4201 1696 4258 hec
1708 4205 1761 4257 tua

932 4284 1045 4342 veriore
1058 4289 1153 4343 morte
1167 4286 1235 4359 quis
1249 4289 1422 4347 consolatur
1437 4288 1452 4347 i
1470 4291 1515 4348 An
1528 4291 1601 4364 quia
1616 4305 1677 4347 non
1691 4305 1760 4360 pos·

933 4389 1040 4430 sumus
1061 4373 1194 4431 oblivisci
1217 4379 1301 4433 tanta
1315 4393 1386 4448 erga
1406 4393 1464 4433 nos
1487 4380 1594 4435 merita
1614 4384 1676 4443 tua,
1691 4375 1760 4433 ideo

932 4461 1086 4518 cruciandi
1100 4462 1200 4518 adhuc
1216 4479 1322 4520 sumus
1335 4465 1471 4522 moribus
1494 4466 1562 4533 tuis,
1578 4464 1646 4522 ideo
1661 4469 1760 4522 conte-

932 4549 1103 4617 mnendi,et
1112 4565 1166 4621 pro
1177 4549 1420 4620 nihilchabendi,
1436 4552 1760 4627 qrrandogeminusad

932 4640 960 4694 te
972 4638 1010 4693 de
1025 4640 1053 4693 te
1071 4638 1086 4694 t
1107 4637 1165 4696 Sed
1182 4637 1311 4696 latemur
1325 4656 1380 4697 nos
1395 4657 1456 4699 non
1471 4659 1536 4699 esse
1549 4642 1665 4716 aliquid
1678 4641 1719 4700 ad
1731 4646 1759 4699 te

932 4725 1377 4798 corrigendumacsanandum;
1390 4730 1652 4799 Derrsattendatur,
1664 4731 1760 4789 Chris·

932 4818 981 4873 tus
996 4815 1153 4885 cogitetur,
1167 4816 1325 4890 Apostolus
1343 4820 1479 4877 audiatur
1491 4822 1593 4878 dicens
1610 4842 1617 4876 ι
1640 4822 1758 4878 Tclteas

933 4919 1003 4977 erac
1022 4904 1153 4962 membro
1175 4907 1298 4975 Christi,
1321 4910 1435 4979 focium
1448 4912 1580 4969 membro
1596 4909 1759 4967 meretricis

933 4991 957 5063 (l
971 4992 1037 5050 Gor.
1051 5008 1088 5059 vr,
1103 4994 1148 5067 ts)
1159 4992 1173 5049 i
1184 4995 1211 5053 Si
1226 4995 1456 5073 qualiscumque
1467 4999 1600 5073 episcopi
1614 4997 1703 5055 amici
1714 4997 1759 5055 tui

933 5081 1024 5137 verbs
1039 5082 1156 5155 spernis
1170 5084 1201 5139 in
1213 5084 1303 5143 corde
1318 5091 1378 5154 tuo,
1393 5103 1502 5161 corpus
1523 5086 1638 5144 llcmini
1653 5085 1695 5144 tui
1709 5101 1760 5143 co·

934 5170 994 5241 gite
1008 5167 1040 5226 in
1061 5186 1186 5244 corpore
1198 5177 1248 5243 tuo
1264 5191 1271 5231 :
1288 5180 1451 5248 postremo,
1466 5175 1622 5249 quomodo
1637 5175 1696 5231 ‘de
1711 5174 1759 5231 die

933 5258 964 5315 in
978 5257 1058 5316 diem
1071 5258 1238 5319 differendo
1260 5278 1376 5336 peccas,
1397 5280 1466 5322 oum
1491 5269 1658 5322 extremum
1680 5263 1759 5321 diem

934 5349 1020 5404 trium
1031 5348 1174 5405 nesciaet

970 5436 997 5493 t.
1014 5437 1099 5494 Nune
1124 5438 1261 5512 propabo
1280 5445 1403 5515 questu
1422 5441 1462 5501 ab
1475 5458 1526 5500 ore
1541 5445 1643 5501 nostro
1655 5440 1761 5500 laudes

967 5596 1056 5648 tllas.
1082 5600 1203 5675 quinque
1224 5602 1315 5656 Gallio.
1339 5608 1367 5657 et
1387 5604 1441 5659 duo
1460 5604 1556 5665 Vetto„
1574 5604 1696 5673 caesim
1712 5602 1762 5657 stit

935 5663 1062 5727 qoshror,
1079 5676 1149 5729 pso.
1727 5674 1734 5685 ·
