3952 6128
204 166 258 223 aut

199 291 311 359 tholiei,
325 295 354 350 et
367 291 497 349 maxime
515 287 648 361 episcopi
662 290 692 345 et
711 285 810 345 cleriei
835 285 985 344 horrenda
999 289 1027 342 et

198 382 276 441 dura
286 382 502 456 perpessisunt‚
510 396 577 454 quas
583 392 822 436 commemorare
831 376 1006 447 longumesl
1018 392 1026 443 ;

197 473 322 544 quaudo
333 468 537 543 quorumdem
553 474 582 523 et
595 467 673 525 oculi
686 465 824 523 exstincti
839 472 917 530 sunt,
934 470 963 522 et
974 481 1026 521 cu·

196 561 318 632 jusdam
334 555 467 629 episcopi
477 572 584 613 manus
594 561 624 612 et
633 555 737 625 lingua
746 555 919 626 prrecisaest
929 573 938 625 3
950 569 1027 609 non·

197 648 270 705 nulli
284 647 374 704 etiam
388 645 524 703 trucidati
537 647 615 701 sunt.
630 646 723 700 Taceo
738 643 961 700 crudelissimas
972 657 1026 698 caa-

197 736 261 803 des,
279 740 307 793 et
328 736 491 792 domorum
516 732 766 806 depraedationes,
792 748 846 805 per
863 736 1026 788 nocturnas

196 825 405 896 aggressiones
415 829 443 880 et
455 822 604 888 incendia,
630 836 691 879 nou
718 821 817 877 solum
841 821 1026 894 privatorum

195 913 447 984 habitaculorum,
460 928 565 969 verum
580 913 668 969 etiam
682 910 876 967 ecclesiarum
890 926 897 977 ;
910 909 939 964 iu
950 923 1027 982 quas

194 1002 336 1061 flammas
351 1018 412 1060 non
427 1001 586 1059 defuerunt
599 1001 651 1074 qui
666 1005 695 1057 et
707 999 829 1057 Codices
857 997 1027 1055 dominicos

196 1097 1027 1252 mliltlffrseeldtnoshujusmodiaillictosmalis',consequens

196 1270 426 1347 consolatusesl
438 1269 562 1326 iruclus.
574 1268 652 1324 Nam
667 1267 850 1339 ubicumque
864 1282 883 1323 a
906 1265 1027 1338 perditis

196 1359 256 1417 ista
271 1359 433 1416 commissa
443 1362 522 1420 sunl.
538 1356 580 1414 ibi
594 1356 857 1428 ferventiusatque
868 1354 1027 1427 perfectius

197 1449 296 1507 unitas
309 1447 472 1505 christiana
491 1446 616 1520 proiecit
629 1450 657 1502 et
674 1445 794 1501 uberius
808 1442 948 1501 laudatur
970 1442 1026 1499 Do·

195 1539 307 1604 miuus,
322 1536 375 1609 qui
388 1536 502 1593 donare
513 1535 654 1605 dignatus
668 1538 713 1590 cst
729 1537 761 1589 ut
776 1533 852 1589 servi
868 1532 933 1604 ejus
955 1547 1027 1604 pas-

196 1627 332 1684 sionibus
347 1625 410 1681 suis
424 1624 610 1681 lucrarentur
625 1622 728 1679 tratres
742 1636 823 1687 suos,
838 1626 866 1678 et
880 1636 950 1677 ores
962 1620 1026 1692 ejus

195 1714 348 1773 mortifero
359 1729 458 1770 errore
469 1712 623 1784 dispersas
638 1711 667 1766 in
681 1710 1026 1784 pacemsalutisaeternre

195 1820 251 1861 suo
266 1803 412 1874 sanguine
432 1804 660 1872 congregarent.
684 1803 790 1856 Potens
809 1807 854 1855 est
882 1798 1027 1855 Dominus

194 1897 224 1949 et
238 1891 416 1954 misericors,
431 1887 666 1962 quemquotidie
676 1902 820 1957 rogamus
831 1891 862 1943 ut
871 1886 1027 1943 etiamcm·

193 1981 265 2038 teris
288 1979 338 2036 det
360 1978 577 2052 poenitentiam,
602 1984 630 2033 et
650 1975 828 2048 resipiscant
852 1975 890 2031 de
912 1973 1026 2031 diaboli

193 2068 320 2144 laqueis,
341 2083 434 2141 aquo
449 2066 558 2140 captivi
577 2070 714 2122 tenentur
737 2063 903 2121 secundum
930 2063 1026 2135 ipsius

195 2158 379 2216 volunlatem
395 2156 428 2229 (ll
443 2157 516 2213 Tim.
532 2173 560 2222 ιι,
576 2155 645 2225 tt):
667 2152 718 2227 qui
741 2169 801 2210 non
813 2157 952 2226 quaerunt
968 2152 1026 2209 nisi

194 2247 275 2304 unde
287 2245 375 2304 uobls
389 2244 618 2311 calumnientur,
642 2247 671 2299 et
689 2243 853 2300 retribuant
876 2241 954 2299 mala
971 2257 1025 2313 pro

193 2334 371 2409 bonis3quia
380 2350 435 2391 nec
448 2332 610 2406 intelligere
626 2331 1025 2404 noverunt,quemeircaeos

193 2424 330 2483 animum
354 2422 604 2494 dilectionemque
627 2436 790 2485 servemus,
814 2424 843 2476 et
868 2421 1025 2492 quomodo

192 2531 245 2573 cos
266 2514 390 2571 velimus
405 2511 572 2568 secundum
591 2509 707 2567 liomini
727 2515 921 2581 preceptum,
941 2509 1024 2582 quod

194 2619 249 2678 per
263 2601 441 2659 Ezechielem
458 2598 636 2673 prophetam
648 2597 819 2670 pastoribus
834 2597 926 2664 dedit,
941 2612 1024 2655 revo-

194 2685 1023 2761 corradentes,etperditosinvenire.(Ezerlr.xxxrr,t).

231 2780 343 2837 CAPUT
360 2778 428 2835 Vlll.
445 2809 479 2818 -
495 2780 538 2834 32.
555 2774 597 2831 llli
615 2780 726 2841 autem,
741 2775 825 2849 quod
839 2779 867 2831 el
883 2775 954 2831 alibi
973 2775 1026 2831 ali-

194 2869 321 2943 quando
336 2867 476 2933 diximus,
492 2872 521 2923 et
532 2865 615 2939 quod
630 2864 719 2921 nobis
735 2862 857 2929 iaciunt,
879 2863 936 2921 sibi
963 2879 1024 2922 non

193 2957 362 3031 imputant;
383 2963 412 3014 et
425 2955 505 3030 quod
519 2954 576 3011 sibi
600 2952 724 3019 iaciunt,
750 2953 838 3010 uobis
861 2955 1022 3026 imputant.

192 3046 266 3115 Quis
280 3047 359 3104 enim
374 3051 511 3102 nostrum
526 3041 596 3100 velit
611 3059 672 3100 uon
687 3041 786 3099 solum
806 3042 938 3114 aliquem
961 3042 1023 3099 illo·

190 3152 258 3195 rum
274 3136 378 3209 perire,
395 3149 500 3192 verum
514 3132 604 3189 etiarn
618 3131 733 3205 aliquid
755 3130 879 3204 perdere
895 3131 978 3187 lSed
998 3130 1022 3188 si

191 3224 277 3283 aliter
288 3240 349 3281 non
362 3223 468 3280 meruit
481 3237 587 3293 pacem
599 3220 710 3277 habere
725 3219 834 3277 domus
845 3220 948 3287 David,
965 3220 1021 3276 nisi

190 3313 324 3371 Absalon
339 3312 419 3369 lilius
444 3311 469 3383 ej
475 3327 509 3366 us
523 3309 554 3365 iu
567 3308 648 3367 bello
662 3307 743 3382 qnod
771 3313 876 3365 contra
905 3315 1021 3381 patrem

191 3402 323 3475 gerebat,
343 3401 447 3457 luisset
466 3399 642 3464 exstinctus,
658 3398 799 3471 quamvis
820 3413 932 3468 magun
951 3415 1022 3456 cura

190 3490 378 3549 mandaverit
392 3487 456 3544 suis
471 3492 503 3545 ul
517 3503 586 3544 eum
601 3491 750 3560 quantum
777 3493 901 3560 possent
919 3487 1020 3544 vivum

191 3582 371 3652 salvumque
386 3581 547 3643 servarent,
562 3581 594 3632 ut
606 3581 684 3633 esset
698 3575 745 3632 cui
758 3576 911 3648 poenitenti
923 3581 1019 3650 paler-

190 3664 644 3738 nusalleetusignosceret3quid
652 3665 677 3721 ei
685 3665 798 3733 restitit,
806 3665 863 3721 uisi
870 3665 1019 3737 perditum

189 3757 271 3827 llere,
287 3763 316 3815 et
330 3756 376 3813 sui
391 3756 473 3828 regui
489 3770 561 3828 paee
576 3753 724 3829 aequisita
738 3770 825 3811 suam
848 3754 1019 3812 moestitiam

189 3842 1018 3919 consolarilllllegnvnr,xxn).Sieergocatholicamater,

187 3936 368 3996 bellantibus
380 3936 528 3994 adversus
548 3950 618 3990 eum
635 3933 746 4006 quibus
760 3933 826 3991 aliis
841 3949 935 4006 quam
951 3933 1019 3990 filiis

188 4027 261 4093 suis,
276 4026 349 4099 quia
362 4025 463 4097 utique
476 4039 512 4079 ex
525 4023 591 4095 ipsa
607 4037 719 4093 magna
731 4022 911 4095 arborequae
921 4039 1020 4080 ramo·

187 4130 257 4173 rum
269 4129 393 4171 suorum
406 4111 591 4184 porrectione
606 4114 666 4167 toto
678 4110 751 4167 orbe
764 4110 951 4178 diffunditur,
965 4113 1019 4169 iste

190 4203 222 4261 in
236 4202 333 4259 Alriea
342 4198 532 4259 ramusculus
542 4198 653 4255 tractus
662 4204 718 4266 est,
730 4215 800 4255 cum
813 4215 865 4256 eos
875 4200 1018 4258 charitate

188 4287 1018 4367 parturiatutredeantadradicemsinequareramvitam

188 4381 299 4439 hebere
313 4395 374 4438 non
389 4382 535 4452 possunt;
549 4378 574 4433 si
590 4375 761 4451 aliquorum
776 4377 940 4451 perditione
960 4395 1018 4437 ca-

186 4476 267 4529 taros
279 4475 342 4528 tam
354 4468 465 4527 multos
480 4466 602 4539 colligit,
620 4467 785 4540 praesertim
800 4468 873 4541 quia
888 4468 947 4534 isti,
958 4485 1017 4526 non

187 4561 264 4619 sicut
280 4559 498 4617 Absaloucasu
513 4556 631 4624 bellico,
653 4556 704 4613 sed
727 4562 896 4630 spontaneo
921 4559 1019 4631 magis

187 4649 308 4709 interitu
320 4651 454 4722 pereunt,
466 4647 602 4704 dolorem
611 4646 737 4703 materni
747 4646 846 4703 cordis
854 4646 925 4705 lenit
936 4659 963 4705 et
973 4664 1017 4705 sa·

188 4743 242 4797 nat
253 4742 405 4796 lautorum
418 4735 596 4794 liberatione
620 4735 813 4808 populorum.
836 4737 970 4804 Quorum
993 4738 1019 4794 si

187 4828 293 4886 videas
304 4827 335 4883 in
349 4825 456 4883 Christi
471 4839 546 4897 pace
560 4823 689 4892 letitiae,
705 4824 899 4898 frequentias,
914 4824 1018 4883 alacri·

188 4921 273 4985 tates,
285 4922 314 4975 et
327 4915 366 4973 ad
380 4915 509 4988 hymnos
521 4912 689 4970 audiendos
703 4918 731 4971 et
747 4914 910 4984 canendos,
933 4920 961 4971 et
981 4915 1018 4972 ad

187 5007 313 5065 verbum
327 5005 376 5062 liei
388 5002 614 5077 percipiendum
626 5002 758 5059 celebres
766 5002 938 5077 hilaresque
949 5020 1018 5061 cou-

186 5101 304 5161 venlus,
319 5093 543 5165 multorumque
558 5092 588 5148 in
599 5092 641 5148 eis
654 5090 837 5149 cumdolore
851 5108 962 5163 magno
975 5110 1018 5150 re·

186 5186 391 5244 cordationem
406 5181 544 5256 praeteriti
559 5181 678 5248 erroris,
694 5185 722 5237 el
737 5196 807 5237 cum
820 5182 930 5252 gaudio
943 5199 1017 5240 con·

188 5274 534 5344 siderationemcognitae
545 5270 686 5338 veritatis,
698 5273 726 5326 et
734 5286 803 5325 <sum
811 5270 1017 5342 indignatione

187 5362 414 5422 etdetestatioue
425 5360 618 5418 mendacium
629 5357 851 5430 magistrorum,
859 5359 942 5433 qnod
955 5377 1018 5419 mo·

185 5451 225 5509 do
239 5456 421 5524 cognoscant
433 5451 471 5506 de
484 5450 593 5508 nostris
606 5449 808 5506 Sacramentis
830 5465 922 5522 quam
939 5449 1018 5508 falsa

184 5539 375 5614 instruction
398 5538 560 5596 multorum
581 5538 674 5596 etiam
693 5538 723 5595 in
746 5538 789 5594 eis
814 5537 1017 5597 confessiones

116 5627 271 5768 *quod
284 5626 356 5686 olim
367 5627 479 5686 vellent
488 5643 554 5685 esse
564 5626 713 5701 catholici,
726 5642 780 5684 nec
791 5625 868 5685 inter
877 5628 1016 5688 homines

841 152 873 218 S.
893 156 1086 218 AUGUSTINI
1106 157 1269 220 episcopt

1082 286 1154 343 tanti
1174 287 1281 345 luroris
1304 285 1471 344 auderent:
1496 283 1607 342 horum
1633 298 1707 356 ergo
1733 283 1919 358 populorum

1080 376 1329 448 congregationes
1341 374 1544 449 perplurimas
1550 374 1656 431 Africae
1662 375 1800 446 regiones
1810 372 1853 430 ab
1869 371 1921 430 illa

1080 465 1245 537 perditione
1259 464 1465 527 liberatorum,
1490 464 1514 520 si
1534 463 1592 521 sub
1611 479 1672 520 uno
1692 467 1860 534 conspectu
1880 461 1920 517 ri·

1080 550 1919 621 deres;tuncdiceresnimiasluissecrudelitatis.sidum

1081 643 1234 699 timeretur
1248 659 1285 700 ne
1296 643 1434 699 homines
1450 641 1611 713 desperati,
1628 646 1657 698 et
1671 641 1797 697 istorum
1829 640 1920 696 iuno-

1082 729 1917 802 merabilimultiludiuinullaaestimationecomparandi,

1081 823 1144 878 suis
1157 821 1333 879 voluntariis
1348 820 1469 892 ignibus
1484 827 1696 886 cremarentur,
1712 819 1760 876 isti
1777 820 1807 874 iu
1831 824 1919 875 eeter-

1081 926 1154 968 num
1170 910 1314 984 perdendi
1330 915 1359 967 et
1368 909 1557 983 sempiternis
1569 910 1689 980 ignibus
1702 907 1860 965 cruciandi
1873 923 1918 964 re·

1080 999 1297 1073 linquerentur.

1116 1092 1160 1146 3³.
1174 1090 1203 1147 Si
1214 1089 1295 1146 enim
1311 1088 1372 1145 duo
1387 1087 1481 1160 aliqui
1501 1088 1531 1145 in
1547 1101 1609 1144 una
1624 1087 1716 1144 domo
1728 1085 1914 1152 habitarent,

1080 1194 1174 1251 quam
1185 1177 1348 1235 certissime
1361 1178 1506 1234 sciremus
1516 1192 1583 1234 esse
1593 1176 1752 1241 ruituram,
1762 1175 1915 1248 nobisque

1081 1265 1112 1323 id
1122 1267 1392 1338 praenuntiantibus
1401 1264 1512 1322 nollent
1522 1265 1652 1330 credere,
1664 1270 1754 1338 atque
1764 1264 1794 1320 in
1807 1279 1917 1320 eame-

1081 1371 1151 1412 nere
1165 1356 1368 1429 persisterent;
1383 1356 1407 1410 si
1423 1370 1475 1412 eos
1488 1355 1557 1411 inde
1571 1369 1732 1426 possemus
1746 1368 1853 1410 eruere
1869 1351 1916 1410 vel

1080 1444 1199 1513 invitos,
1213 1446 1325 1519 quibus
1340 1444 1548 1500 imminentem
1571 1443 1653 1499 illam
1668 1444 1787 1498 ruinam
1806 1447 1916 1514 postea

1079 1533 1369 1599 demonstraremus,
1384 1538 1414 1590 ul
1430 1533 1525 1589 redire
1541 1532 1664 1588 ulterius
1677 1532 1736 1588 sub
1752 1531 1821 1602 ejus
1833 1531 1914 1604 peri-

1080 1624 1181 1681 culum
1196 1638 1255 1679 non
1268 1622 1423 1691 auderent,
1437 1629 1507 1695 puto
1521 1620 1576 1677 nisi
1591 1621 1768 1687 laceremus,
1784 1636 1847 1677 non
1859 1621 1915 1676 im·

1081 1713 1188 1769 merito
1202 1711 1337 1769 crudeles
1352 1711 1597 1783 dijudicaremur.
1614 1714 1702 1767 Porro
1716 1711 1739 1765 si
1751 1725 1834 1766 unus
1850 1709 1915 1766 illo·

1079 1818 1147 1859 rum
1159 1800 1245 1858 nobis
1260 1802 1380 1864 diceret,
1393 1800 1520 1868 Quando
1533 1800 1712 1856 intraveritis
1722 1813 1831 1855 eruere
1844 1814 1909 1868 nos,

1079 1887 1912 1963 meipsumcontinootruoidabo;alterautemnecexire

1079 1981 1200 2054 quidem
1216 1979 1295 2044 inde,
1311 1994 1365 2034 nec
1380 1978 1443 2034 erui
1457 1978 1551 2044 vellet,
1567 1977 1620 2034 sed
1641 1993 1739 2050 neque
1757 1992 1868 2033 necere
1882 1992 1912 2033 se

1081 2065 1913 2140 auderet3quideligeremus,utrumambosruinasoppri-

1081 2155 1912 2229 mendosrelinquere,anurrosaltempermiscricordem

1080 2249 1215 2303 nostram
1230 2260 1353 2317 operam
1365 2244 1498 2308 liberato,
1514 2243 1644 2300 alterum
1659 2259 1719 2300 nou
1733 2248 1842 2299 nostra
1854 2242 1913 2299 eul-

1080 2351 1130 2408 pa,
1147 2334 1200 2391 sed
1211 2351 1265 2391 sua
1282 2335 1380 2406 polius
1395 2331 1537 2390 interire?
1559 2336 1651 2389 Nemo
1664 2339 1708 2388 est
1723 2338 1786 2389 lam
1808 2333 1912 2389 inlelix

1079 2429 1131 2497 qui
1148 2440 1208 2481 non
1223 2423 1296 2496 quid
1311 2423 1374 2479 lieri
1389 2423 1418 2478 iu
1434 2423 1542 2479 talibus
1557 2423 1657 2479 causis
1668 2426 1819 2494 oporteat,
1832 2420 1914 2479 iacil-

1079 2512 1150 2570 lime
1163 2513 1287 2586 judicet.
1304 2515 1335 2569 tlt
1350 2512 1710 2576 doduobusbominibus‚
1726 2527 1788 2568 uno
1801 2511 1915 2568 scilicet

1080 2603 1206 2674 perdito,
1221 2608 1249 2660 et
1261 2617 1321 2659 unu
1332 2602 1456 2660 liberato
1464 2600 1691 2658 similitudinem
1700 2600 1791 2656 istam
1800 2616 1913 2673 propo·

1080 2692 1143 2749 sui:
1157 2688 1795 2764 quidergosentiendumestdequibusdam
1810 2688 1914 2761 paucis

1079 2780 1213 2853 perditis,
1230 2787 1257 2836 et
1272 2779 1483 2837 innumerabili
1516 2777 1706 2835 multitudine
1729 2778 1913 2850 populorum

1078 2860 1299 2927 liberatorum?
1313 2872 1376 2925 lton
1390 2868 1470 2925 enirn
1487 2866 1533 2923 vel
1561 2872 1604 2924 tot
1619 2872 1687 2922 sunt
1704 2866 1746 2922 illi
1770 2867 1910 2924 homines

1077 2959 1130 3032 qui
1139 2958 1352 3014 suaroluutate
1362 2956 1588 3029 pereunt,quod
1599 2955 1829 3028 liberanturper
1843 2958 1913 3013 istas

1077 3043 1909 3119 legesabillapestileraoeternaquepernicielundi,pagi,

1078 3135 1145 3201 rici,
1158 3134 1292 3201 castella,
1308 3135 1484 3207 municipia,
1505 3134 1653 3191 civitates.

1112 3224 1156 3281 34.
1169 3224 1198 3283 Si
1214 3230 1316 3281 autem
1327 3224 1498 3296 diligentius
1508 3223 1615 3280 remde
1626 3222 1851 3295 qualoqnirnur
1861 3238 1911 3279 co-

1076 3315 1217 3386 gitemus,
1232 3319 1305 3386 puto
1319 3314 1401 3386 quod
1418 3313 1441 3369 si
1456 3312 1577 3386 plurimi
1592 3316 1691 3368 esseut
1701 3311 1731 3367 in
1746 3311 1908 3368 domorui·

1076 3407 1151 3469 tura,
1169 3409 1196 3460 et
1211 3401 1282 3459 inde
1294 3401 1399 3459 saltem
1415 3418 1493 3458 unus
1510 3400 1631 3458 liberari
1643 3404 1755 3473 posset,
1773 3408 1867 3474 atque
1880 3399 1909 3457 id

1076 3506 1145 3547 cum
1153 3491 1249 3547 iacere
1257 3506 1447 3555 conaremur,
1461 3490 1636 3563 aliiseipsos
1647 3488 1812 3562 precipitio
1825 3504 1910 3546 neca·

1075 3587 1149 3646 rent,
1160 3579 1296 3637 dolorem
1306 3579 1343 3636 de
1357 3581 1470 3636 ceteris
1485 3584 1633 3643 nostrum,
1647 3579 1782 3635 deunius
1798 3578 1905 3635 saltem

1075 3669 1172 3726 salute
1185 3670 1429 3736 consolaremur;
1447 3684 1507 3725 non
1530 3676 1642 3733 tamen,
1659 3684 1696 3724 ne
1715 3669 1836 3741 seipsos
1859 3668 1907 3724 alii

1075 3758 1242 3831 perderent,
1260 3760 1355 3832 perire
1376 3758 1534 3814 universos
1547 3757 1629 3814 nullo
1645 3756 1771 3813 liberato
1785 3756 1908 3830 permit-

1074 3853 1215 3904 teremus.
1234 3846 1310 3916 Quid
1325 3847 1414 3918 igitur
1428 3846 1466 3903 de
1476 3862 1567 3917 opere
1579 3846 1807 3913 misericordiae,
1824 3845 1905 3919 quod

1074 3953 1130 4009 pro
1144 3938 1203 3994 vita
1218 3942 1329 3993 aeterua
1353 3935 1561 4006 adipiscenda,
1577 3940 1606 3991 et
1630 3949 1719 4007 poena
1734 3940 1850 3991 esterna
1864 3936 1906 3991 si·

1074 4026 1177 4093 tanda,
1193 4026 1369 4083 homiuibus
1394 4025 1542 4082 debemus
1564 4024 1750 4096 impendere,
1763 4022 1904 4095 judican-

1073 4114 1147 4172 dum
1161 4121 1223 4183 est;
1239 4116 1262 4171 si
1279 4130 1332 4188 pro
1348 4114 1442 4171 salute
1456 4115 1514 4170 ista
1530 4129 1591 4170 uon
1610 4113 1708 4170 solum
1732 4112 1903 4185 temporali,

1074 4205 1227 4261 sedetiam
1243 4204 1337 4271 brevi,
1354 4202 1512 4276 adipsum
1528 4208 1647 4274 tempus
1666 4203 1813 4273 exiguum
1829 4202 1901 4261 libe·

1073 4295 1179 4364 raude,
1196 4295 1238 4351 sic
1253 4310 1309 4352 uos
1326 4293 1502 4351 homiuibus
1517 4294 1688 4358 subvenire,
1702 4293 1779 4349 ratio
1795 4308 1867 4351 sera
1878 4295 1905 4349 et

1072 4382 1206 4455 benigna
1222 4383 1403 4456 compellit?

1109 4475 1221 4530 CAPUT
1236 4475 1278 4530 lll.
1294 4505 1328 4514 -
1344 4476 1389 4530 35.
1412 4471 1497 4538 Quod
1523 4475 1626 4529 autem
1639 4469 1729 4527 nobis
1746 4470 1903 4542 objiciunt,

1072 4562 1155 4636 quod
1169 4578 1216 4618 res
1226 4578 1330 4619 eorum
1344 4562 1595 4634 concupiscamus
1607 4565 1636 4616 et
1646 4559 1840 4626 auferamus3
1853 4559 1907 4616 uti·

1072 4666 1145 4708 nam
1160 4651 1298 4708 catholici
1313 4650 1396 4718 fiant,
1409 4654 1439 4706 et
1451 4665 1511 4706 non
1522 4649 1621 4705 solum
1635 4664 1704 4722 quae
1716 4648 1824 4706 dicunt
1839 4664 1903 4713 sua.

1072 4740 1126 4796 sed
1147 4740 1238 4797 etiam
1253 4745 1366 4807 nostra,
1387 4740 1417 4796 io
1443 4754 1517 4812 pace
1541 4738 1699 4794 nobiscum
1715 4741 1744 4793 et
1760 4737 1906 4794 charitate

1073 4829 1268 4902 possideantl
1284 4831 1382 4902 Usque
1397 4829 1474 4887 adeo
1488 4833 1590 4885 autem
1605 4825 1814 4883 calumniandi
1823 4827 1905 4900 cupi·

1071 4917 1163 4975 ditate
1176 4922 1337 4987 caecantur,
1352 4925 1383 4975 ut
1399 4933 1459 4975 non
1474 4916 1633 4975 attendant
1647 4930 1741 4987 quam
1753 4914 1816 4971 sint
1828 4916 1903 4971 inter

1073 5023 1105 5064 se
1120 5008 1268 5065 contraria
1282 5023 1351 5080 quae
1377 5006 1550 5079 loquuntur.
1566 5005 1626 5077 lpsi
1641 5011 1720 5061 certe
1745 5004 1863 5069 dicunt,
1879 5007 1905 5060 et

1071 5097 1308 5155 insidiosissime
1335 5096 1393 5152 sibi
1421 5094 1563 5168 conqueri
1586 5092 1725 5150 videntur
1751 5093 1836 5166 quod
1854 5107 1905 5149 eos

1071 5186 1102 5243 in
1116 5190 1249 5243 nostram
1258 5185 1504 5242 communionem
1519 5182 1650 5240 violento
1661 5182 1766 5252 legum
1778 5182 1905 5256 imperio

1071 5281 1278 5335 coarctamus:
1293 5276 1350 5332 boc
1366 5274 1467 5348 utique
1482 5271 1668 5329 nullomodo
1682 5271 1864 5341 laceremus,
1880 5270 1904 5327 si

1071 5381 1119 5422 res
1132 5380 1235 5421 eorum
1249 5365 1402 5437 possidere
1418 5362 1572 5421 vellemus.
1585 5360 1657 5427 Quis
1670 5375 1782 5417 avarus
1797 5360 1904 5433 quierit

1070 5447 1903 5526 compossessorem‘lquisdominaudicupiditateintlam·

1071 5547 1182 5609 matus,
1197 5542 1244 5599 vel
1254 5541 1332 5600 fastu
1347 5540 1562 5599 dominationis
1573 5536 1670 5597 elatus
1684 5537 1838 5595 desiderat
1851 5536 1905 5593 ba·

1069 5629 1141 5689 bere
1158 5631 1354 5691 consortem?
1367 5631 1452 5705 lpsos
1468 5634 1546 5688 certe
1572 5625 1731 5687 stwndant
1743 5624 1902 5701 quondam
