3952 6128
149 203 204 274 tit
790 190 823 264 Ι.
843 183 1218 263 adunerilti'rtereduer

150 351 197 399 rer
210 352 312 399 nonne
324 324 482 397 salubriter
501 333 605 408 regula
619 332 834 409 temporalium
849 333 859 370 ¹
875 330 985 389 moles·
1036 332 1101 388 tum
1116 335 1172 398 est,
1182 336 1210 389 et
1224 331 1282 390 boc
1296 333 1431 408 praecipit
1444 328 1532 403 Deus,
1549 339 1581 393 ut
1595 335 1691 394 umus
1704 335 1734 395 iii

151 430 261 488 tiarum
275 426 444 486 excutiendi
455 431 550 492 erant,
565 428 596 481 ul
609 430 755 497 tanquam
768 422 806 480 de
820 437 928 479 somno
943 420 983 478 le-
1036 420 1127 477 nostri
1138 420 1188 492 qui
1199 420 1231 476 in
1241 421 1386 489 coelisest,
1399 423 1452 496 qui
1462 422 1728 482 iscitsolemsuum

151 519 285 592 thergico
304 522 498 589 emergerent,
514 520 543 573 et
561 516 592 572 in
605 513 732 571 salutern
752 511 871 569 unitatis
886 509 981 580 evigi-
1034 523 1087 580 per
1097 510 1193 567 bonos
1205 517 1233 567 et
1248 511 1356 580 malos,
1367 517 1395 569 et
1404 512 1478 584 pluit
1488 514 1681 586 superjustos
1693 520 1734 573 et:

149 609 245 665 tarent
259 606 273 663 i
287 607 381 673 Quam
398 604 481 661 multi
496 620 532 661 er
546 604 618 678 ipsis
635 618 715 659 nunc
729 601 886 658 nobiscum
907 615 981 672 gau·
1033 597 1155 668 (Mettis.
1171 615 1198 665 v,
1210 601 1265 672 45).
1281 601 1337 658 Sed
1351 602 1426 658 siout
1439 604 1497 658 ista
1511 603 1594 660 done
1608 604 1673 674 ejus
1685 603 1734 661 lau

148 696 263 763 dentes,
294 696 452 769 pristinum
481 695 601 767 pondus
630 690 790 765 perniciosi
810 689 855 746 sui
877 689 978 761 operis
1032 685 1174 744 ilaeliam
1185 688 1734 767 flagelleejusineosquosdiligitocp

149 791 303 853 accusent,
311 784 534 841 etiatenturuos
543 783 600 839 sibi
608 780 820 838 molestosesse
827 778 977 844 debuisse,
1067 776 1093 830 5.
1108 776 1195 832 Putas
1206 780 1357 835 neminem
1370 779 1479 836 debere
1489 780 1555 852 cogi
1570 782 1608 837 ad
1619 782 1735 851 iustitia

146 890 184 932 ne
197 879 344 948 tanquam
370 872 521 930 mortifero
534 886 653 939 somno,
667 871 709 927 ita
721 868 828 927 morbo
840 870 979 925 veterno-
1030 862 1113 936 legas
1132 871 1247 938 patrem
1263 867 1392 925 familias
1412 869 1521 925 dixisse
1536 871 1641 937 servis,
1658 871 1734 940 Quos

147 970 188 1022 sae
201 961 425 1022 consuetudinis
439 962 600 1020 interirent.
1029 953 1201 1012 inueneritis
1216 958 1309 1028 cupite
1321 957 1437 1016 intrare
1451 960 1536 1028 (Luc.
1552 975 1612 1025 xiv,
1623 961 1685 1031 23);
1696 976 1734 1018 ou

181 1053 209 1110 8.
219 1053 255 1110 At
264 1051 536 1126 enimquibusdem
546 1051 602 1107 ista
611 1064 672 1105 non
679 1051 817 1121 prosunt.
825 1044 977 1118 Numquid
1030 1040 1228 1116 etiamipeum
1241 1045 1339 1118 primo
1353 1047 1487 1113 Saulem,
1499 1053 1603 1120 postes
1612 1049 1734 1106 Paulum

146 1142 215 1201 ideo
226 1142 453 1214 negligendaesl
464 1138 698 1211 medicinaque
708 1134 920 1194 nonnullorum
931 1137 977 1190 est
1030 1133 1734 1210 crescendamserenandamveritstemmagna

146 1229 324 1289 insanabilis
337 1227 505 1301 pestilentia
514 1227 529 1285 l
538 1229 581 1283 Tu
590 1242 651 1284 non
660 1224 789 1283 attendis
798 1223 913 1281 nisieos
923 1220 975 1296 qui
1030 1219 1069 1276 tia
1082 1221 1188 1279 Christi
1200 1225 1336 1295 cogentis
1346 1239 1413 1282 esse
1427 1225 1620 1298 compulsum
1633 1227 1712 1298 (rtet.
1723 1243 1732 1283 ι

145 1321 187 1377 ila
201 1320 268 1376 duri
284 1323 362 1384 suut,
381 1321 412 1373 ut
426 1333 481 1374 nec
509 1317 598 1373 istam
613 1314 756 1388 recipiant
771 1311 976 1385 disciplinam.
1030 1309 1086 1366 nisi
1107 1310 1180 1368 iortc
1198 1312 1365 1371 chariorem
1386 1320 1474 1387 putas
1489 1314 1665 1372 hominibus
1683 1333 1734 1373 ess·

146 1412 185 1466 De
204 1408 312 1467 talibus
329 1407 409 1464 enim
430 1406 651 1479 scriptumest:
671 1404 799 1461 Frustra
817 1401 978 1474 desertave·
1029 1400 1121 1466 niam,
1137 1400 1182 1457 sel
1194 1401 1388 1475 qualemlibet
1407 1406 1634 1477 possessionem,
1650 1420 1734 1479 quan

142 1498 222 1568 titios
237 1504 369 1569 oestres;
386 1495 575 1566 disciplinam
589 1510 650 1552 non
664 1494 841 1564 receperunt
854 1492 928 1562 (der.
944 1506 973 1556 u,
1029 1488 1126 1555 istam,
1142 1506 1211 1564 que
1231 1491 1326 1549 oculis
1336 1493 1481 1565 carpitus.
1492 1496 1572 1550 lianc
1587 1494 1635 1551 ille
1647 1494 1734 1552 creles

145 1588 200 1662 ³0).
216 1591 287 1644 Puto
298 1591 398 1643 umen
410 1585 482 1658 quie
494 1582 663 1651 dilectione,
678 1598 738 1638 uon
749 1579 821 1637 odlo
831 1578 974 1651 flagellati
1029 1582 1734 1656 tratusvooesunitoamisssmnonmcuperasita

144 1675 298 1734 suntsed
317 1674 514 1731 debesetiam
536 1678 598 1730 tam
622 1671 732 1728 multos
751 1667 913 1737 attendere,
936 1667 974 1724 de
1028 1677 1139 1727 sancte
1157 1671 1396 1742 incorporaretur
1415 1671 1561 1728 Ecclesiae.
1579 1674 1613 1729 nr
1631 1678 1721 1744 putas

142 1778 272 1838 quorum
288 1762 383 1820 salute
396 1760 578 1834 gaudemus.
594 1760 624 1818 Si
643 1759 724 1816 enim
739 1761 930 1823 terrerentur,
945 1760 975 1812 et
1027 1759 1088 1816 rim
1099 1759 1508 1827 adhibendemessehomiui,
1520 1762 1599 1818 utab
1609 1762 1734 1837 erroris!

143 1868 204 1911 uon
227 1852 415 1921 docerentur,
436 1849 579 1923 improba
594 1848 682 1922 qirasi
702 1845 871 1904 dominatio
895 1845 974 1901 ride·
1027 1847 1180 1915 liberetur;
1196 1863 1264 1905 cum
1278 1849 1378 1921 ipsum
1393 1850 1497 1915 Deum,
1509 1865 1571 1922 quo
1583 1865 1673 1907 nemo
1685 1867 1734 1908 uos

142 1948 232 2001 retur.
243 1945 357 2000 Rursus
371 1941 395 1998 si
410 1939 589 1997 docerentur
603 1942 631 1995 et
645 1953 705 1994 non
720 1941 908 2002 terrerentur,
926 1949 973 1991 re-
1027 1935 1132 2006 diligil,
1158 1936 1330 1993 certissimis
1345 1938 1490 2009 exemplis
1504 1939 1562 1995 boc
1583 1941 1681 1996 iacere
1696 1938 1734 1996 vit

143 2036 250 2090 tustate
271 2029 500 2088 consuetudinis
526 2026 668 2086 obdurati
695 2025 733 2083 ad
754 2024 973 2098 capessendam
1028 2026 1176 2082 Christum
1192 2025 1660 2093 eridiasdicentem,Nemccerrtl
1673 2029 1734 2085 ddi

142 2120 222 2179 riam
238 2119 343 2177 salutis
359 2118 473 2193 pigrius
490 2121 685 2174 morerentur
701 2133 708 2181 3
724 2112 971 2189 quandoquidem
1026 2130 1112 2188 quem
1122 2116 1384 2173 Peterattrueerir
1396 2117 1493 2186 (doec.
1505 2117 1699 2190 v1‚4t)‚qa0d
1710 2117 1734 2174 d·

140 2209 237 2278 multi,
250 2225 327 2283 quos
341 2207 417 2266 bene
431 2209 585 2276 novimus,
598 2204 719 2262 reddita
735 2202 791 2260 sibi
805 2203 920 2260 ratione
944 2206 973 2258 et
1026 2202 1116 2260 dibus
1130 2204 1267 2262 omnium
1286 2205 1338 2277 qui
1362 2221 1394 2262 se
1412 2205 1452 2261 ad
1471 2221 1540 2262 eum
1565 2206 1675 2263 divinas
1694 2206 1734 2263 ire

141 2299 331 2357 manilestata
343 2297 450 2354 divinis
466 2294 644 2353 testimoniis
659 2294 793 2361 veritate,
808 2291 974 2364 responde·
1027 2293 1659 2366 nmoreconrertanr;etnorerisaliquando
1669 2294 1735 2352 iure

139 2388 214 2447 berit
228 2387 327 2453 nobis,
343 2401 452 2459 cupere
466 2401 497 2441 se
513 2385 542 2440 in
565 2383 700 2441 Ecclesiae
720 2379 874 2439 catholice
889 2395 973 2436 corn·
1027 2383 1122 2439 tendis
1137 2383 1296 2456 pecoribus
1312 2382 1458 2455 pabulum
1473 2398 1625 2456 spargere,
1641 2390 1671 2440 et
1689 2384 1734 2442 alii

138 2478 314 2535 munionem
326 2475 460 2541 transire,
468 2472 520 2530 sed
529 2470 865 2543 violentasperditorum
876 2468 971 2525 homi·
1026 2476 1178 2544 pastorem
1192 2470 1311 2543 flagello
1323 2472 1361 2529 ad
1375 2488 1496 2543 gregem
1507 2488 1616 2545 pecore
1627 2474 1734 2531 erranti

139 2557 973 2634 numinimicitiesiormidare:quasquidemprojustitia
1026 2546 1115 2617 derel

138 2641 414 2727 etproesternevita
424 2645 972 2724 utiqueconlemneredebuerunt;sed
1059 2652 1086 2708 6.
1105 2653 1207 2706 Nonne
1218 2656 1428 2707 contumacem
1443 2649 1584 2707 ancillam
1596 2650 1670 2708 date
1682 2650 1734 2709 sib

140 2734 973 2807 taliuminfirmitas,donecfirmieiliciantur,susiinenda
1026 2739 1734 2813 tate,sarapotiasalnrgebalteluriquenouean

138 2838 193 2904 est,
208 2848 268 2889 non
279 2829 547 2903 desperandartec
561 2825 799 2883 obliviscendum
809 2823 891 2897 quaed
906 2823 972 2896 ipse
1025 2827 1163 2900 superius
1176 2827 1323 2885 beneflcio
1338 2843 1395 2885 suo
1413 2835 1541 2886 matrem
1558 2828 1734 2900 reseratori

139 2921 284 2979 Dominus
311 2919 412 2977 adbuc
435 2916 553 2973 infirme
570 2919 652 2971 l’etro
667 2915 708 2972 ait
722 2935 731 2971 a
746 2913 815 2972 Non
829 2919 911 2984 petes
926 2927 972 2970 me
1025 2916 1129 2974 oderat
1142 2933 1150 2984 ;
1166 2917 1218 2972 sed
1234 2917 1265 2974 in
1277 2932 1313 2974 ea
1328 2917 1502 2990 superbiam
1516 2916 1676 2974 salubriter
1690 2917 1734 2975 Odi

137 3010 223 3068 ιιιοάο
236 3010 320 3082 sequi
332 3029 344 3080 ,·
355 3005 483 3080 sequeris
502 3008 600 3063 eutem
611 3007 714 3075 postea
729 3003 826 3076 (does.
839 3016 897 3069 ιιιι,
912 3002 971 3075 ιο).
1026 3006 1397 3079 (Gen.xvr,t).Nonautem
1408 3006 1734 3080 ignotaequodistiedi

138 3101 288 3157 Cumvere
300 3099 401 3155 terrori
417 3096 479 3153 utili
490 3094 628 3152 doctrina
637 3093 775 3150 salutaris
785 3092 969 3165 adjungitur,
1024 3094 1108 3151 lieres
1116 3094 1190 3152 Sara
1197 3100 1226 3150 et
1233 3095 1594 3165 Ager,etduuiiliiearum
1605 3099 1688 3153 isaac
1695 3101 1725 3154 et

137 3194 236 3246 utnon
249 3186 346 3244 solum
358 3186 498 3243 tenebras
507 3184 617 3241 erroris
628 3182 677 3239 lux
688 3181 818 3240 veritatis
830 3182 967 3254 expellat,
1023 3199 1078 3257 pro
1091 3182 1295 3257 spiritualibus
1310 3190 1338 3241 ct
1352 3184 1524 3241 carnalibus
1538 3185 1714 3256 figurentur.
1731 3189 1734 3241 j

136 3292 240 3334 verum
255 3275 346 3333 etiam
359 3274 448 3331 malae
461 3271 688 3330 consuetudinis
702 3271 819 3328 vincula
828 3271 873 3327 ris
883 3272 970 3327 tirno·
1021 3273 1159 3343 legamus
1170 3273 1311 3330 ancillam
1322 3279 1349 3330 el
1361 3273 1455 3330 fllium
1468 3275 1562 3345 ejusa
1576 3276 1648 3331 Sara
1664 3289 1734 3346 pass

135 3365 176 3422 ris
191 3365 364 3437 abrumpat,
377 3362 415 3419 de
431 3362 605 3432 multorum,
620 3361 698 3417 sieut
715 3360 786 3426 dixi,
807 3359 902 3417 salute
919 3361 968 3416 lur-
1022 3361 1357 3431 vesmolcstias,Pauius
1368 3363 1734 3439 temenapostolusdieitq

135 3459 246 3520 tamur,
263 3452 503 3511 benedicentium
522 3450 690 3516 nobiscum,
707 3454 735 3506 et
747 3448 860 3521 gratias
877 3463 967 3520 egen·
1020 3451 1144 3509 ismaele
1155 3453 1391 3524 persecutionem
1405 3453 1442 3508 sit
1453 3468 1560 3525 pessus
1574 3454 1675 3509 isaac:
1693 3455 1734 3512 Se

137 3542 211 3600 tium
231 3545 290 3599 ileo
315 3541 399 3616 quod
413 3557 469 3598 sua
484 3538 697 3614 pollicitatione
723 3537 884 3611 completa,
904 3553 966 3612 qua
1020 3547 1102 3609 tuac,
1116 3542 1221 3615 inquit,
1235 3542 1731 3615 ittequterutsecundumcumem

134 3644 220 3701 reges
243 3632 327 3687 terres
356 3629 472 3688 cbristo
492 3627 653 3685 servituros
672 3641 738 3683 esse
758 3624 906 3699 promisit,
923 3625 966 3683 sie
1018 3630 1242 3703 quetctureum
1262 3633 1315 3702 qui
1328 3639 1393 3688 erut
1415 3631 1577 3689 secuudum
1591 3634 1732 3701 spiritum

134 3720 246 3777 curavit
259 3718 424 3784 morbidos,
442 3716 485 3774 sic
507 3717 626 3775 sanarit
641 3715 786 3773 infirmos.
1019 3719 1218 3789 nune(Gutut.
1226 3734 1265 3786 ir,
1273 3719 1330 3790 29),
1340 3721 1426 3793 utqui
1434 3719 1732 3792 possuntintelligan

169 3806 281 3866 CAPUT
304 3808 340 3863 11.
362 3839 395 3849 -
416 3809 442 3863 t.
459 3808 523 3864 lton
539 3805 639 3863 omnis
655 3804 707 3878 qui
724 3804 829 3877 parcit,
847 3803 964 3861 amicus
1019 3807 1180 3865 Ecclesiam
1191 3807 1370 3865 catholicam
1386 3810 1621 3882 persecutionem
1632 3809 1695 3882 pati
1707 3827 1734 3866 sr

132 3902 202 3966 est;
229 3913 284 3955 nec
299 3897 400 3955 omnis
425 3895 476 3968 qui
501 3895 646 3961 verberat,
671 3892 821 3949 inimicus.
846 3892 964 3949 uellera
1018 3896 1734 3973 elimpietetecarnalium.quostemporalibusnr

133 3986 331 4044 suntrulnera
342 3984 544 4058 amici,quam
555 3982 837 4040 voluntariaoscula
849 3981 963 4039 inimici
1017 3992 1108 4060 atque
1119 3987 1280 4045 terroribus
1289 3987 1451 4044 emendare
1461 3993 1597 4044 conetur.
1610 3987 1734 4061 Quidqu

131 4076 233 4149 (Preu.
250 4091 338 4140 ιιιιι,
353 4075 392 4147 u).
402 4074 503 4130 lieiius
519 4078 564 4129 est
575 4088 642 4128 curu
659 4072 812 4129 severitate
828 4071 961 4142 diligere,
1016 4075 1085 4132 iecit
1097 4091 1167 4132 vera
1179 4079 1207 4131 et
1217 4074 1352 4146 legitime
1362 4082 1467 4143 males,
1479 4075 1734 4149 etiarnsiesperun

131 4181 224 4238 quam
233 4181 302 4222 cum
312 4162 431 4220 lenitate
445 4162 592 4234 decipere.
606 4161 709 4218 titilius
722 4160 863 4217 esurienti
876 4163 962 4234 panis
1017 4180 1144 4238 rumque
1156 4164 1312 4235 sentiatur,
1325 4181 1386 4221 non
1398 4165 1512 4223 malum
1521 4180 1576 4239 pro
1584 4165 1734 4223 marcrad<

132 4252 284 4322 tollitur,si
297 4250 410 4309 decibo
423 4249 702 4321 securusjuslitiem
715 4249 856 4322 negligat,
867 4266 961 4324 quam
1014 4253 1131 4311 bonum
1147 4253 1322 4327 discipline,
1342 4254 1518 4328 expellendo
1535 4255 1648 4312 malum
1668 4255 1734 4329 iniq

130 4341 270 4401 esurienti
283 4340 371 4414 panis
386 4339 543 4411 frangitur,
558 4343 589 4395 ul
599 4338 751 4410 iniustitias
761 4338 903 4395 seductus
913 4355 963 4396 ac·
1016 4347 1151 4416 apponit,
1168 4360 1228 4401 non
1241 4343 1312 4401 odio
1323 4345 1461 4411 nocendi,
1472 4344 1522 4400 aed
1534 4344 1694 4402 dilectione
1705 4362 1734 4402 sa

129 4433 276 4507 quiescat.
295 4433 327 4488 iit
339 4429 391 4504 qui
404 4429 609 4502 phreneticum
621 4428 703 4498 ligat,
717 4427 809 4501 etqui
823 4427 961 4500 lethargi·
1014 4432 1089 4489 Cum
1099 4432 1173 4490 boui
1185 4439 1213 4490 et
1224 4434 1295 4490 mali
1304 4434 1411 4491 eadem
1423 4434 1734 4509 faciunteadernquei

129 4538 199 4579 cum
210 4521 326 4588 excitat,
337 4518 477 4577 ambolus
491 4519 644 4590 molestus,
660 4517 769 4575 ambos
782 4521 875 4576 amat.
890 4518 960 4585 Quis
1015 4527 1071 4593 tur,
1085 4539 1147 4580 non
1161 4522 1248 4579 iactis
1267 4529 1296 4580 et
1316 4524 1423 4595 peanis,
1440 4522 1493 4580 sed
1509 4523 1609 4580 causis
1623 4524 1728 4600 utique

129 4606 960 4684 nespotestampliusamere,quambeuslEttameunos
1013 4611 1731 4686 nendisunt.PharaopopulumDeidurisleborib

129 4715 191 4757 non
203 4699 300 4757 solum
311 4698 417 4756 decere
433 4697 572 4763 suaviter,
580 4712 683 4753 verum
697 4696 787 4752 etiam
801 4696 960 4754 salubriter
1012 4702 1095 4758 rebat
1107 4702 1216 4775 (deod.
1229 4719 1254 4770 ι,
1263 4705 1304 4776 9);
1319 4705 1434 4775 ltoyses
1445 4703 1585 4759 eumdem
1598 4702 1734 4776 populun

129 4793 238 4846 terrere
245 4804 310 4861 ,non
321 4793 427 4844 cessat.
441 4785 838 4860 lomentislenibusquibus
853 4800 959 4842 conso·
1013 4797 1166 4861 argeulem
1179 4791 1500 4849 duriscoercitiouibus
1513 4791 1665 4862 affligebat
1674 4792 1734 4864 (ld.

127 4878 216 4948 latur,
230 4892 309 4951 serpe
323 4875 415 4933 etiam
428 4875 688 4932 mordacissimum
706 4873 957 4932 medicamentum
1011 4863 1057 4951 31)
1071 4879 1345 4946 :similiaiecerunt
1356 4880 1479 4937 sednon
1490 4879 1626 4938 similiter
1637 4882 1733 4954 prode

127 4966 328 5025 tribulationis
343 4965 521 5037 adjungens,
537 4969 653 5021 exercet
676 4962 755 5020 iame
771 4963 957 5021 Patriarcbes
1010 4963 1129 5026 lirerunt
1142 4987 1150 5036 ;
1165 4970 1212 5026 ilie
1225 4970 1430 5026 dominatione
1445 4969 1577 5037 inflatus,
1590 4970 1646 5028 iste
1661 4971 1734 5029 diter

127 5058 217 5114 etiam
230 5054 592 5130 piosetreligiososwen.
603 5070 653 5121 ιιι,
665 5056 954 5121 uslauseinais),
1009 5058 1211 5116 inflammatus
1220 5056 1399 5116 esl.lezabel
1408 5058 1734 5132 occiditPropbetas;i:

127 5147 274 5221 populum
294 5150 504 5202 contumacem
527 5145 623 5215 paenis
643 5142 831 5215 gravioribus
852 5143 953 5213 agitat,
1009 5148 1734 5224 ciditpseudopropbetesilllileo.xvrri,l,40):pul

127 5250 188 5292 non
198 5233 340 5292 aulerteb
350 5232 495 5307 Apostolo
505 5232 657 5289 stimulum
670 5229 859 5289 carnistertio
869 5244 953 5302 roga·
1008 5238 1125 5295 diversa
1138 5239 1197 5295 siut
1211 5239 1317 5295 merila
1331 5238 1517 5309 iacientium,
1532 5239 1653 5296 diversa
1668 5256 1734 5313 pusi

126 5316 186 5387 tiis,
203 5329 235 5381 ut
249 5324 386 5381 virtutem
402 5326 432 5380 in
448 5321 618 5378 infirmitate
628 5319 761 5393 perficiet
772 5322 809 5389 (ll
821 5318 889 5376 Gor.
900 5336 951 5388 xri,
1043 5333 1069 5384 7.
1081 5326 1734 5405 AspicaeliamtemporaNoviTestamenli,q

125 5412 192 5486 td).
201 5411 460 5485 Diligamusetiam
469 5412 740 5475 inimicosnostros,
748 5407 884 5482 quiahoc
887 5409 952 5481 Ju-
1004 5416 1068 5489 jam
1080 5416 1143 5490 ipsa
1155 5417 1353 5473 mansuetudo
1361 5415 1514 5474 charitatis
1525 5432 1586 5474 non
1597 5416 1698 5475 solum
1709 5419 1734 5477 in

138 5553 166 5589 ,ι
179 5550 255 5613 ιη,
271 5550 583 5617 ,mamma-'3⁸4
609 5554 671 5606 Am·
684 5548 727 5603 Er·
738 5550 840 5603 “m
850 5550 952 5618 plum
1007 5512 1071 5563 erat
1093 5505 1255 5576 servande,
1269 5521 1375 5564 verum
1389 5507 1478 5564 etiam
1493 5507 1525 5563 in
1540 5506 1606 5564 luce
1621 5515 1734 5567 monslr

125 5612 215 5684 septu
231 5615 421 5681 smpmtus.
587 5594 595 5610 ’
1037 5615 1734 5679 ¹clamemus.autumniautumni
