3952 6128
94 168 150 243 θῶ
705 176 960 245 eristontatut
973 178 1120 246 cnissts
1136 184 1189 246 Ill.
1752 185 1806 247 cdd

91 309 304 369 busllominus
316 307 396 366 Deus
407 307 491 382 quod
503 305 645 381 petebant
656 305 804 364 concessit
814 304 918 371 iratus,
972 306 1026 381 qui
1039 309 1162 381 adjurat
1170 311 1374 370 intirmitetem
1386 312 1529 369 nostram.
1542 312 1697 371 Nemeum
1711 309 1805 369 dixis·

92 402 167 458 deut
181 404 287 458 contra
300 399 443 473 spostoto
457 397 577 469 negarit
588 396 746 470 propitius.
761 398 835 452 llam
849 394 919 465 legi·
973 403 1017 454 set
1027 400 1196 472 Apostolus,
1210 401 1244 459 Si
1257 407 1356 459 autem
1381 400 1461 474 quod
1473 416 1536 457 nan
1556 399 1687 458 Mersus
1701 414 1804 471 spera·

92 505 161 547 mus
174 488 314 547 israelitae
324 487 399 562 qnid
412 493 440 545 et
453 486 609 562 quomodo
620 485 825 557 rogaverintet
836 498 919 541 acce-
972 503 1048 553 mus,
1069 503 1125 559 per
1142 491 1319 560 patientiam
1334 496 1539 560 exspectamus
1548 507 1559 555 ,·
1574 488 1615 546 ibi
1645 489 1774 561 subjecit
1791 505 1799 547 :

92 578 210 652 perint;
224 577 276 635 scd
290 575 666 650 expletacoucnpiscentia,
681 573 867 646 impatientia
874 571 920 629 esl
972 577 1115 636 similiter
1121 582 1148 636 et
1163 580 1295 649 Spiritus
1303 580 1430 650 adiuuat
1443 579 1647 648 infirmitatem
1654 584 1804 637 nostram:

91 666 219 738 graviter
232 667 482 739 castigata(Num.
496 665 548 738 xi).
562 664 648 722 Dedit
661 669 800 733 ctregem
819 667 919 737 peten-
972 668 1046 738 qnid
1063 669 1140 725 enim
1162 684 1289 737 oramen,
1318 669 1392 725 sicut
1411 675 1532 739 oportet,
1556 670 1728 739 nescimus‚·
1752 667 1804 726 sed

93 756 170 813 tibus
182 755 350 813 mcundum
365 771 417 813 cor
428 771 544 821 corum,
556 754 784 826 sicutscriptum
794 757 919 820 est,nou
972 757 1035 827 ipse
1047 757 1176 827 Spiritus
1198 759 1371 829 interpellat
1385 773 1439 829 pro
1454 758 1537 815 notis
1555 757 1712 828 assuitibus
1739 758 1801 815 ine·

90 846 439 919 sccundumsscorsuumll
447 842 919 918 ltep.r1n,e,t).naditetiamquod
973 845 1187 904 narrabitilus.
1205 847 1262 916 Qui
1272 855 1370 905 autem
1379 852 1533 904 scrutatur
1547 844 1803 918 seruauitque

91 934 232 992 diabolus
260 937 430 1009 postularit,
453 942 483 993 ut
504 935 681 1010 probandus
704 934 768 1008 eJus
787 933 919 990 famulus
973 935 1098 1006 Spiritus
1111 937 1219 1007 sapiat,
1234 936 1306 1009 quia
1326 936 1487 994 secundum
1512 936 1603 992 Deum
1628 934 1801 1005 interpellat

91 1028 275 1081 tentarentur
286 1024 364 1095 (lob.
374 1042 393 1092 ι,
415 1029 454 1092 ta,
472 1031 500 1083 et
512 1041 543 1091 11,
557 1025 595 1097 o).
611 1023 765 1082 Exaudivil
777 1028 918 1093 rogantes
969 1041 1028 1097 pro
1049 1027 1160 1084 sanctis
1173 1027 1266 1098 (Rom.
1282 1042 1340 1091 νιιι,
1353 1025 1457 1097 isti).
1474 1024 1560 1092 Quod
1569 1039 1629 1081 non
1645 1022 1689 1080 sic
1703 1028 1747 1079 est
1759 1024 1803 1079 in·

90 1118 116 1172 st
130 1114 318 1182 immundos,
328 1114 460 1189 spiritus,
478 1119 509 1173 ut
524 1116 554 1173 in
567 1113 677 1171 mullos
691 1129 760 1171 sues
769 1113 847 1185 legio
860 1112 919 1170 das·
972 1115 1422 1187 telligendum,utexistimcmus
1433 1117 1570 1171 sanctum
1583 1111 1725 1186 Spiritum
1736 1110 1798 1179 Dei,

91 1218 217 1260 monum
231 1203 396 1262 mitteretur
404 1206 487 1277 (Luc.
496 1221 556 1276 viri,
571 1205 702 1277 attilae
712 1203 822 1275 scripta
836 1206 917 1271 sunt,
972 1205 1066 1280 quiin
1088 1205 1229 1262 trinitate
1243 1203 1499 1262 incommutabilis
1525 1205 1602 1259 Deus
1619 1206 1674 1267 ast,
1690 1205 1718 1258 et
1730 1216 1801 1258 cum

89 1306 126 1349 no
141 1291 218 1350 torte
233 1309 266 1350 sc
285 1294 415 1367 quisque
431 1294 658 1368 magnipendat,
686 1293 710 1349 si
724 1292 811 1350 luerit
825 1308 917 1350 exani·
973 1299 1055 1353 Patre
1068 1294 1175 1352 etFilio
1187 1310 1265 1351 unus
1281 1296 1367 1359 lleus,
1378 1297 1523 1365 tanquam
1532 1291 1663 1364 aliquem
1674 1290 1726 1363 qui
1737 1305 1800 1347 non

89 1381 180 1453 ditus,
194 1398 264 1439 cum
271 1383 385 1458 aliquid
394 1385 584 1458 impatienter
597 1384 680 1456 petil,
695 1383 778 1456 quod
792 1398 853 1440 non
863 1383 918 1439 im·

90 1475 208 1543 patrare
222 1471 290 1545 plus
304 1474 400 1545 prosit
419 1479 534 1540 ;autse
561 1472 693 1545 abjiciat,
715 1476 744 1529 et
758 1472 796 1530 de
815 1470 919 1529 divina

89 1574 158 1632 erga
179 1576 211 1617 se
226 1561 418 1619 miseratione
431 1563 576 1636 desperet,
593 1563 616 1618 si
636 1577 698 1620 non
728 1560 916 1628 exaudiatur,

88 1663 158 1705 cum
172 1648 247 1707 torte
259 1650 373 1724 aliquid
393 1651 475 1725 petit,
495 1668 557 1725 quo
571 1650 748 1725 accipiendo
766 1648 918 1721 affligatur

88 1737 229 1805 atrocius,
237 1738 282 1795 rel
298 1756 316 1796 a
331 1740 692 1813 prosperitatecorruptus
708 1740 823 1814 penitus
836 1754 917 1796 eser·

88 1830 176 1883 latur.
193 1827 226 1883 ln
245 1827 357 1885 talibus
370 1844 440 1902 crgo
454 1829 527 1902 quid
546 1845 678 1896 oremus,
694 1829 772 1886 sicut
790 1832 915 1900 oportet,

87 1915 251 1972 nescimus.
268 1916 353 1975 Unde
372 1919 396 1974 si
412 1917 526 1991 aliquid
552 1925 768 1992 contraquam
794 1933 917 1976 oramus

87 2004 395 2078 acciderit,patienter
409 2006 542 2073 terendo,
559 2012 586 2063 et
606 2008 785 2065 inomnibus
805 2009 917 2080 gratias

88 2093 219 2164 agendo,
226 2095 284 2152 boc
294 2096 392 2169 potius
407 2096 574 2169 oportuisse
582 2096 663 2171 quod
681 2097 741 2164 liei,
753 2112 814 2154 non
833 2096 916 2172 quod

89 2187 192 2240 nostra
206 2184 345 2243 voluntas
358 2184 476 2252 habuit,
487 2185 599 2242 minine
611 2186 915 2244 dubitaredebcmus.

88 2271 204 2329 Namcl
227 2273 403 2346 hujusmodi
426 2275 598 2347 exemplum
615 2275 741 2347 prebuit
763 2275 853 2333 nobis
867 2276 916 2334 ille

89 2361 248 2430 mediator,
268 2364 403 2436 quicum
431 2364 566 2433 dixisset,
582 2364 681 2433 Pater,
692 2365 718 2422 si
730 2366 798 2435 lieri
809 2371 914 2440 potest,

90 2456 224 2509 tmrcseat
238 2467 256 2509 a
269 2468 314 2509 me
330 2452 414 2512 ralia
427 2453 492 2520 iste,
506 2452 673 2511 humanam
687 2456 717 2510 in
733 2471 765 2511 se
781 2457 917 2517 volunta·

89 2543 148 2596 tem
154 2540 526 2615 exhominissusceptione
533 2542 761 2611 transformans,
773 2547 916 2607 continuo

89 2628 237 2702 subjecit:
263 2632 367 2689 Verum
379 2647 439 2688 non
455 2631 535 2704 quod
548 2648 618 2705 erpa
634 2634 709 2700 uolo,
725 2634 778 2691 sect
790 2637 871 2708 quod
883 2642 916 2695 tu

89 2717 142 2781 ris,
162 2719 252 2777 Peter
266 2720 386 2793 (blattis.
404 2736 485 2786 xxvi,
509 2721 565 2794 39).
583 2721 665 2778 Unde
685 2738 745 2779 non
767 2723 916 2784 immerito

88 2809 244 2879 peronius
267 2809 468 2867 obedientiam
491 2810 564 2883 justi
590 2810 812 2872 constituuntur
829 2814 915 2872 mrilti

88 2894 184 2966 (Rom.
202 2902 292 2968 nli).

125 2992 173 3047 ti.
188 2988 328 3063 Quisquis
344 2988 536 3046 autemillam
552 3004 644 3046 unam
660 2991 731 3063 petit
746 2992 914 3062 allomino,

88 3087 114 3139 et
125 3082 207 3139 hanc
227 3079 349 3153 requirit
364 3079 458 3151 (Psoi.
475 3094 556 3144 xxvi,
570 3079 608 3152 l),
627 3084 725 3137 certus
744 3096 779 3139 ac
792 3098 916 3141 securus

87 3172 168 3245 petit,
183 3184 238 3226 nec
253 3169 337 3226 timet
355 3182 393 3223 ne
411 3166 486 3223 torte
501 3168 580 3224 obsit
594 3184 662 3225 cum
679 3171 837 3243 acceperit,
852 3172 916 3230 sine

87 3274 148 3335 qua
171 3257 244 3316 nihil
270 3257 389 3331 prodest
414 3255 563 3331 quidquid
587 3256 669 3315 aliud
689 3260 816 3328 orando,
840 3262 916 3321 sicut

86 3354 214 3423 oportet,
229 3346 385 3419 acceperit.
402 3350 470 3418 lpsa
481 3351 524 3403 est
536 3347 616 3404 enim
639 3363 699 3405 una
714 3365 784 3406 rera
807 3355 836 3407 et
851 3349 916 3410 sola

87 3438 177 3496 beata
201 3440 270 3503 rita,
300 3441 331 3492 nt
348 3435 584 3508 contemplemur
611 3437 727 3495 [lumini
747 3438 914 3498 delectatio·

87 3543 156 3586 nem
167 3526 197 3583 in
210 3532 363 3591 aternum,
375 3524 559 3582 immortales
572 3531 661 3599 atquc
673 3528 915 3602 incorruptibiles

87 3632 213 3691 corpore
228 3622 255 3673 et
270 3615 388 3689 spiritu.
409 3615 529 3687 Propter
547 3615 626 3672 banc
642 3632 734 3674 unam
749 3623 856 3676 catera
871 3635 916 3677 re·

88 3707 260 3782 quiruntur,
270 3709 300 3762 et
309 3719 371 3760 non
382 3703 553 3761 indecenter
561 3710 712 3777 petuntur.
728 3706 819 3765 istam
834 3709 917 3781 quis·

87 3798 155 3869 quis
170 3793 319 3860 habuerit,
345 3792 448 3849 omnia
461 3806 529 3864 qua
545 3791 607 3850 ruit
634 3793 768 3862 habebit,
790 3812 845 3854 nec
863 3796 918 3854 ali-

87 3884 163 3957 quid
178 3883 220 3941 ibi
230 3881 304 3939 relle
318 3881 429 3939 habere
443 3882 550 3953 poterit
561 3882 642 3954 quod
659 3897 720 3940 non
732 3882 859 3942 decebit.
872 3885 916 3944 lbi

88 3974 200 4047 quippe
219 3971 341 4029 estlons
364 3972 441 4034 vitea,
456 3986 548 4042 quem
564 3970 644 4028 sitire
657 3987 737 4029 nunc
755 3980 871 4046 oportet
884 3975 916 4032 in

86 4062 232 4129 oratione,
246 4058 393 4133 quamdiu
407 4060 438 4116 in
454 4074 507 4131 spe
520 4059 656 4129 risimus,
673 4066 702 4118 et
710 4063 792 4134 quod
812 4079 918 4136 spera·

88 4166 157 4210 mus
170 4148 309 4208 nondum
321 4148 456 4205 ridemus
468 4148 510 4215 ,in
524 4150 705 4220 protectione
714 4151 830 4210 alarum
840 4153 915 4225 ejus,

87 4246 154 4299 ants
166 4253 260 4314 quem
275 4243 320 4295 est
333 4252 423 4295 omne
440 4236 620 4295 desiderium
635 4244 781 4306 nostrum,
808 4245 838 4297 ut
857 4242 918 4300 ins·

87 4328 225 4387 briemur
237 4327 277 4385 ab
292 4327 426 4385 ubertate
439 4325 552 4384 domus
570 4327 647 4400 ejus,
662 4334 690 4383 et
717 4333 844 4386 torrente
865 4346 918 4388 ro·

88 4416 210 4493 luptatis
234 4417 471 4490 ejuspotemur;
497 4416 644 4489 quoniam
669 4417 751 4489 apud
772 4434 841 4476 eum
873 4425 918 4477 est

87 4508 154 4567 lons
170 4506 250 4574 rita,
266 4510 295 4564 et
320 4505 350 4561 in
378 4506 583 4577 luminosius
614 4505 786 4564 ridebimus
815 4508 917 4565 lumen

86 4597 183 4668 (Psal.
215 4610 304 4662 xxxv,
325 4595 410 4665 s-tal,
439 4596 564 4668 quando
589 4595 748 4653 satiabitur
777 4597 805 4653 in
830 4597 918 4655 bonis

86 4684 271 4745 desiderium
282 4683 550 4750 nostrum‚etnihil
560 4684 787 4757 eritultraquod
798 4700 918 4757 gemen-

84 4776 322 4848 doquaaramus‚
342 4773 392 4830 sed
414 4771 495 4847 quod
509 4772 669 4842 gaudendo
682 4777 848 4830 teneamus.
866 4775 919 4831 ve-

82 4866 262 4922 rumtamen
273 4862 345 4934 qnia
360 4860 427 4932 ipsa
437 4866 549 4933 estpax
564 4877 631 4934 quie
642 4861 781 4933 precellit
794 4878 916 4920 omnem

80 4952 281 5019 intellectum,
307 4952 397 5007 etiam
425 4950 524 5023 ipsam
546 4951 576 5006 in
601 4951 734 5008 oratione
753 4952 917 5024 poscendo,

973 1385 1011 1441 sit
1024 1384 1104 1458 quod
1117 1385 1255 1450 Deusest,
1269 1381 1457 1456 interpellare
1471 1397 1526 1456 pro
1537 1382 1648 1438 sanctis
1664 1396 1670 1435 :
1685 1379 1800 1437 dictum

971 1475 1083 1549 quippo
1096 1477 1150 1530 est.
1159 1473 1338 1543 Interpellat
1342 1487 1397 1544 pra
1403 1472 1525 1537 sanctis,
1532 1471 1605 1543 quia
1611 1469 1802 1543 interpellare

971 1567 1092 1621 sanctos
1101 1562 1173 1620 iacit
1183 1579 1190 1630 ;
1202 1563 1278 1618 sicut
1288 1561 1401 1617 dictum
1412 1564 1467 1626 est,
1479 1560 1584 1617 Tentat
1596 1574 1645 1616 uos
1654 1559 1801 1616 Dominus

972 1653 1049 1712 Deus
1062 1659 1166 1721 vester,
1181 1657 1212 1708 ut
1227 1651 1301 1708 sciat
1316 1650 1484 1721 siditipatis
1496 1664 1562 1707 eum
1573 1648 1671 1721 (Dect.
1683 1663 1747 1712 xur,
1759 1648 1799 1720 ³),

971 1744 1028 1801 boc
1043 1746 1132 1800 estut
1146 1743 1221 1798 scire
1235 1757 1290 1798 vos
1305 1740 1405 1798 iaciat.
1418 1738 1606 1811 interpellare
1621 1738 1722 1810 itaque
1732 1750 1801 1794 san·

971 1838 1034 1891 ctos
1049 1832 1119 1890 iacit
1134 1832 1293 1905 gemitibus
1309 1827 1571 1894 inenarrabilibus,
1589 1828 1742 1900 inspirans
1755 1826 1799 1882 eis

970 1921 1152 1980 desiderium
1169 1921 1258 1977 etiam
1273 1918 1373 1975 adbuc
1384 1918 1544 1989 incognita
1553 1921 1643 1974 tanta
1653 1915 1693 1972 rei
1704 1928 1798 1987 quam

970 2029 1024 2087 per
1039 2010 1213 2085 patientiam
1229 2012 1451 2081 exspectamus.
1466 2005 1624 2073 Quomodo
1639 2004 1719 2060 enim
1733 2018 1800 2060 nar·

970 2107 1064 2169 ratur,
1083 2099 1207 2173 quando
1219 2096 1418 2162 desideratur,
1433 2094 1707 2170 quodignoraturt
1726 2107 1799 2150 nam

971 2193 1073 2264 utique
1088 2189 1112 2245 si
1134 2187 1309 2246 omnimodo
1324 2186 1522 2257 ignoraretur,
1538 2199 1599 2241 non
1614 2182 1800 2239 desiderare·

971 2285 1018 2339 tur
1030 2300 1038 2352 ;
1050 2290 1079 2336 et
1090 2294 1203 2343 rursus,
1216 2276 1240 2333 si
1253 2275 1413 2341 videretur,
1431 2288 1492 2332 non
1503 2273 1733 2338 desideraretur,
1744 2285 1800 2327 nec

970 2368 1331 2444 gemitibusquasreretur.

1007 2458 1121 2516 capnt
1134 2459 1199 2515 xvi.
1218 2485 1250 2497 -
1262 2456 1307 2512 tl.
1334 2455 1400 2511 llaec
1415 2452 1519 2510 omnia
1544 2451 1751 2517 considerans,
1772 2455 1802 2509 et

970 2551 995 2608 si
1009 2548 1083 2623 quid
1096 2546 1178 2604 aliud
1192 2545 1229 2601 de
1245 2545 1302 2602 hac
1315 2558 1346 2600 re
1365 2543 1418 2600 tibi
1434 2541 1580 2599 Dominus
1594 2539 1799 2609 insinuaverit,

970 2639 1053 2714 quod
1069 2637 1115 2695 rel
1135 2635 1206 2692 mibi
1217 2650 1278 2691 non
1293 2632 1431 2697 occurrit,
1446 2631 1491 2688 rel
1506 2630 1565 2688 dici
1578 2646 1596 2687 a
1607 2646 1655 2686 me
1674 2628 1800 2701 longum

970 2730 1034 2797 luit,
1047 2732 1186 2785 concerta
1201 2724 1231 2780 iu
1249 2722 1383 2780 oratione
1406 2720 1524 2778 vincere
1553 2720 1611 2777 hoc
1626 2718 1795 2788 saeculum
1900 2716 1907 2723 ‘

970 2835 1024 2876 ora
1038 2820 1068 2874 in
1084 2832 1144 2889 spe,
1165 2829 1219 2871 ora
1233 2811 1359 2869 fideliter
1374 2814 1403 2868 et
1417 2814 1563 2876 amenter,
1584 2824 1637 2866 ora
1653 2809 1798 2865 instanter

969 2914 1061 2981 atque
1087 2904 1242 2978 patienter,
1255 2917 1310 2958 ora
1325 2900 1400 2956 sicut
1416 2898 1507 2955 vidua
1522 2897 1639 2956 Christi.
1656 2895 1797 2964 Quamvis

970 2997 1051 3055 enim
1061 2993 1212 3052 adomnia
1225 2990 1362 3047 membra
1372 2989 1396 3061 ej
1403 3003 1446 3055 us,
1454 2988 1511 3044 hoc
1520 2990 1564 3044 est
1577 2985 1617 3044 ad
1630 2984 1796 3060 omnesqui

969 3088 998 3144 in
1015 3100 1085 3143 eum
1111 3080 1245 3146 credunt,
1266 3083 1295 3136 et
1318 3078 1384 3151 ejus
1401 3075 1519 3149 corpori
1541 3075 1700 3139 sociantur,
1720 3073 1800 3130 sicut

969 3174 1080 3240 docuit,
1097 3186 1182 3229 crare
1201 3168 1356 3242 pertineat,
1372 3164 1539 3239 specialiter
1553 3169 1654 3221 temen
1675 3162 1799 3236 diligen·

969 3267 1025 3322 tior
1039 3277 1112 3320 cura
1121 3259 1291 3317 orationum
1303 3258 1334 3312 in
1340 3254 1497 3328 scripturis
1507 3252 1675 3326 eJusridnis
1688 3250 1800 3308 inveni·

969 3353 1168 3426 turinjuneta.
1182 3351 1257 3406 Nam
1267 3347 1336 3403 dure
1351 3345 1470 3402 luerunt
1479 3346 1572 3400 Anna
1585 3339 1800 3398 honorabiliter

969 3442 1142 3507 nominata,
1155 3453 1214 3495 una
1224 3436 1384 3508 conjugata
1392 3449 1462 3508 qna
1470 3434 1612 3491 Sanctum
1628 3429 1800 3488 Samuelem

969 3532 1093 3606 peperit,
1110 3528 1169 3585 alia
1182 3526 1274 3583 sidua
1288 3540 1356 3598 quas
1375 3527 1514 3580 sanctum
1528 3526 1712 3588 sanctorum,
1728 3534 1800 3577 cnm

970 3621 1070 3678 adhuc
1085 3618 1184 3675 inians
1194 3619 1280 3679 esset,
1294 3610 1538 3684 agnorit20rarit
1548 3615 1577 3667 et
1589 3610 1754 3681 conjugata
1768 3608 1798 3665 in

969 3709 1073 3767 dolore
1088 3705 1182 3763 animi
1200 3710 1230 3761 et
1245 3701 1403 3759 afflictione
1429 3699 1538 3768 cordis,
1557 3700 1629 3772 qnia
1643 3697 1722 3754 illios
1738 3711 1800 3754 non

970 3798 1101 3856 habebat
1114 3813 1120 3851 :
1137 3800 1208 3851 tunc
1220 3794 1321 3866 ipsum
1334 3788 1502 3848 Samuelem
1512 3786 1692 3862 impetrarit,
1709 3791 1737 3842 et
1748 3801 1800 3843 ac·

970 3892 1089 3960 ceptum
1110 3887 1168 3941 lieo
1185 3881 1321 3945 reddidit,
1337 3879 1408 3952 quia
1425 3893 1495 3934 cum
1517 3880 1662 3949 posceret,
1683 3874 1764 3931 vovit
1777 3875 1799 3946 (l

970 3977 1076 4049 Repu).
1090 3972 1149 4030 Sed
1157 3971 1254 4030 oratio
1265 3966 1491 4043 ejusquomodo
1499 3964 1538 4022 ad
1545 3962 1801 4021 orationemillam

970 4063 1155 4122 dominicam
1172 4062 1325 4134 pertineat,
1354 4072 1414 4114 non
1443 4055 1529 4112 iacile
1554 4054 1709 4126 reperitur,
1741 4051 1801 4109 nisi

969 4155 1043 4230 quia
1053 4155 1082 4209 in
1096 4167 1131 4209 eo
1145 4149 1282 4224 quodibi
1297 4146 1430 4221 positum
1440 4143 1693 4212 est,Liieranasu
1708 4141 1801 4210 inab,

970 4259 1031 4300 non
1044 4256 1169 4315 parrum
1184 4238 1297 4296 malum
1312 4235 1480 4303 ridebatur,
1495 4239 1524 4291 et
1536 4238 1663 4306 nuptam
1684 4247 1761 4297 esse,
1773 4236 1803 4288 et

971 4332 1068 4389 iructu
1078 4328 1372 4401 carerenuptiarum,
1386 4340 1457 4382 oum
1470 4321 1533 4380 sola
1545 4324 1665 4379 excuset
1680 4319 1801 4393 nuptias

971 4419 1225 4495 procreandorum
1241 4432 1334 4474 causa
1351 4414 1491 4471 filiorum.
1510 4414 1548 4468 lis
1565 4410 1616 4466 illa
1631 4423 1700 4466 raro
1714 4414 1801 4467 Anne

971 4509 1062 4566 vidua
1076 4507 1143 4565 ride
1157 4507 1232 4579 quid
1244 4506 1387 4576 scriptum
1398 4503 1453 4558 sit:
1471 4499 1546 4568 Quia
1557 4514 1616 4556 non
1631 4497 1801 4554 discedebat

970 4598 1132 4667 detemptc,
1140 4593 1266 4666 jejuniis
1278 4588 1566 4649 etotsecrotionibus
1575 4586 1706 4644 seruiens
1716 4591 1801 4643 nocte

971 4702 1004 4744 ac
1013 4686 1061 4743 die
1072 4686 1157 4756 (Luc.
1168 4699 1198 4748 n,
1210 4686 1254 4747 it,
1267 4682 1322 4754 ³7).
1332 4679 1390 4736 Nec
1399 4677 1519 4735 aliunde
1531 4675 1701 4750 Apostolus,
1717 4674 1799 4749 quod

971 4781 1098 4847 etsupra
1108 4769 1344 4831 commemoravi
1358 4788 1364 4826 :
1378 4769 1448 4837 Qua
1458 4774 1558 4825 autern
1570 4765 1735 4823 uereuidua
1746 4770 1800 4830 est,

971 4864 1076 4940 inquit,
1093 4870 1120 4920 et
1135 4862 1279 4927 desolata,
1293 4858 1460 4930 speravitin
1475 4857 1612 4921 Domino,
1628 4860 1655 4912 et
1669 4853 1801 4925 persistit

971 4956 1002 5010 in
1013 4953 1329 5010 arationibusnacteac
1339 4948 1386 5006 die
1401 4946 1542 5020 (ltine,
1555 4947 1583 5016 ti)
1599 4961 1605 5000 :
1621 4942 1801 4999 ethominus

77 5042 159 5119 quid
175 5054 309 5109 oremus,
324 5040 399 5097 sicut
413 5043 539 5111 oportet,
554 5040 715 5097 nescimus.
732 5041 817 5106 Qirod
836 5042 918 5100 enim
971 5058 1041 5099 cum
1057 5056 1176 5114 semper
1188 5040 1227 5097 ad
1241 5039 1404 5104 orandum,
1420 5040 1449 5094 et
1462 5050 1522 5092 non
1536 5030 1737 5090 deficiendum
1747 5044 1800 5085 nos
1901 5087 1907 5099 ‚

77 5129 175 5189 sicuti
185 5129 370 5201 estcogitare
378 5144 437 5186 non
447 5144 620 5200 possumus,
633 5128 734 5202 utique
745 5131 916 5200 nescimus,
970 5131 1148 5199 hortaretur,
1169 5130 1291 5186 viduam
1305 5123 1561 5188 commemoravit,
1578 5135 1646 5194 quae
1661 5117 1728 5175 licet
1742 5117 1801 5175 ini·

75 5222 136 5279 aad
152 5217 306 5293 quidquid
325 5217 467 5290 cogitanti
482 5217 651 5284 occurrerit,
667 5216 838 5289 abjicimus,
854 5236 918 5278 res-
971 5236 1065 5295 quum
1081 5225 1110 5276 et
1120 5219 1246 5292 impium
1255 5218 1398 5291 judicem,
1412 5229 1447 5270 ac
1459 5212 1507 5269 llei
1521 5209 1716 5266 ethominum
1729 5222 1801 5264 con·

74 5311 222 5380 polmus,
234 5307 454 5381 improbamus,
475 5320 535 5362 non
551 5306 607 5363 boc
620 5321 687 5363 csse
704 5308 787 5380 quod
808 5309 918 5380 quieri-
972 5296 1802 5382 temptorum,adaudiendamcausemsucmassiduein·

72 5411 155 5457 mus
175 5396 327 5462 norimus,
351 5395 492 5470 quamvis
506 5394 578 5452 illud
605 5396 741 5454 nondum
764 5397 854 5471 quale
880 5398 919 5457 sit
973 5386 1799 5471 terpellandoconvertitouamergopraeeterissiduee

72 5486 275 5546 noverimus.
972 5476 1798 5550 debentrecareorationibus‚satisbincintelligipolest,

119 5576 239 5635 CAPUT
251 5575 307 5632 XV.
325 5573 918 5648 -tttllslergo'innobisquaadam‚ut
972 5575 1053 5649 quod
1073 5575 1218 5632 omnibus
1237 5573 1276 5631 ad
1291 5570 1519 5643 suscipiendum
1538 5565 1644 5624 orandi
1665 5566 1798 5623 studium
1874 5589 1886 5606 ·

76 5660 128 5723 ita
138 5663 252 5732 dicem
265 5663 355 5724 docta
372 5664 551 5740 ignorantia,
568 5664 622 5724 sed
634 5664 724 5725 docta
743 5664 849 5740 spiritu
864 5666 916 5727 llsi
971 5656 1766 5740 deviduispropositumestexhortationisexemplum.
