3952 6128
156 141 208 200 711

150 268 222 325 dam
238 266 331 341 accipi
345 271 539 340 potest,quos
555 263 603 324 ilie
616 266 725 338 dignos
740 268 799 326 ista
809 265 985 327 liberatione

147 356 307 431 judicabat
319 373 326 424 ;
338 362 369 413 ut
382 371 479 430 neque
495 355 603 414 trustra
617 356 686 413 illuc
700 357 891 415 descendisse
906 355 986 412 exis.

150 446 279 513 timetur,
297 445 370 501 nulii
396 459 501 502 eorum
514 444 689 517 protuturus
711 447 764 521 qui
785 447 825 505 ibi
841 445 985 504 teneban-

149 538 198 591 tur
212 533 330 599 inciusi,
348 547 403 588 nec
419 537 519 590 tamen
535 532 572 589 sit
586 549 776 608 consequens
790 541 823 592 ui
837 535 920 609 quod
940 535 971 592 di

148 623 219 678 vina
232 621 418 695 quibusdam
433 623 817 698 misericordiajustitiaque
827 624 984 694 concessit,

148 710 291 767 omnihus
307 726 485 768 concessum
501 726 568 769 esse
582 714 752 785 putandum
766 715 815 772 sii.

184 798 297 857 CAPUT
315 799 362 856 111.
374 831 410 844 -
422 806 448 858 d·
464 802 497 857 Et
506 802 544 858 de
555 801 606 859 iiio
616 803 738 876 quidem
751 803 850 878 primo
862 802 984 860 homine

147 890 985 963 patregenerishumani‚quodeumindesolverit,Eccie·

148 978 194 1035 sia
203 977 262 1035 iere
273 983 333 1036 tota
341 983 489 1036 consentit
501 995 508 1046 ;
520 980 601 1052 quod
612 997 678 1037 eam
688 996 749 1039 non
758 981 984 1039 inanitcrcredi-

147 1067 227 1125 disse
236 1066 421 1124 credendum
431 1073 486 1135 est,
497 1070 709 1142 undecumque
718 1070 924 1129 hoctraditum
935 1071 982 1137 sit,

146 1156 264 1214 etiamsi
281 1157 495 1214 canonicarum
509 1158 730 1231 scripturarum
750 1160 820 1217 hinc
839 1175 983 1233 expressa

147 1260 208 1303 uon
220 1245 388 1319 proteratur
409 1247 591 1304 auctoritas:
607 1264 784 1322 quanquam
802 1248 877 1307 iilud
899 1249 981 1322 quod

145 1334 176 1391 in
186 1333 263 1392 libro
272 1334 431 1407 Sapientiae
441 1337 585 1408 scriptum
601 1342 654 1405 est,
668 1338 846 1410 Haeeittum,
863 1338 983 1411 qaipri·

145 1440 211 1482 mus
222 1424 325 1495 sactus
339 1430 392 1491 est,
407 1431 522 1493 patrem
539 1426 619 1483 orbis
635 1433 794 1493 terraram,
812 1443 877 1485 cara
901 1430 981 1485 seius

145 1514 979 1585 essercrearas,custodissaerertuxtrittomcaeterosuo,

145 1605 172 1659 et
186 1601 266 1658 dedit
280 1603 307 1658 ei
320 1602 458 1660 virtatem
470 1603 643 1660 continendi
656 1606 757 1662 omnio
769 1605 852 1678 (sap.
864 1622 893 1672 x,
903 1610 928 1672 t,
940 1606 979 1678 1),

144 1691 243 1761 magis
256 1706 312 1763 pro
326 1690 382 1746 hae
402 1692 548 1747 sententia
561 1708 656 1765 quam
671 1709 726 1766 pro
741 1692 802 1750 ulto
821 1693 881 1751 atio
895 1694 979 1752 intel·

800 142 832 200 S.
847 137 1044 199 suabsrlrtl
1058 136 1218 197 episcopt

1810 142 1889 231 rsar

1041 278 1101 333 ros,
1115 269 1145 324 at
1160 263 1188 321 in
1203 280 1309 328 eorum
1327 263 1482 323 doloribus
1497 264 1664 324 constitutis
1683 268 1742 326 hoe
1758 266 1876 326 beneb-

1041 352 1122 410 cium
1144 353 1317 427 prestitisse
1331 371 1391 412 nou
1407 355 1522 414 dubito.
1538 355 1621 413 Unde
1638 355 1696 414 iilis
1714 357 1808 430 justis
1821 358 1873 433 qui

1040 443 1071 498 in
1082 441 1148 499 sinu
1162 442 1290 501 Abrahae
1304 448 1398 511 erant,
1416 460 1484 501 cum
1499 443 1546 502 ilie
1566 444 1596 501 in
1611 444 1729 502 iuterna
1744 444 1869 504 descen·

1039 530 1132 599 deret,
1152 533 1289 589 nondum
1304 532 1378 605 quid
1403 532 1579 591 contulisset
1592 533 1705 604 inveni,
1725 533 1872 608 aquibus

1039 635 1108 676 aum
1125 620 1293 677 secuudum
1306 620 1476 679 beatificam
1488 623 1682 695 presentiam
1691 638 1754 679 sure
1765 623 1874 680 diviui-

1039 708 1107 766 tatis
1119 724 1275 783 nunquam
1285 708 1373 767 video
1381 711 1539 768 recessisse
1552 727 1558 768 :
1572 711 1648 768 sicut
1659 711 1751 768 etiam
1763 711 1885 770 eodein·

1038 797 1104 871 ipso
1120 798 1168 856 die
1182 814 1244 872 quo
1266 804 1403 856 mortuus
1425 805 1479 867 esi,
1495 800 1634 873 promisit
1652 800 1762 858 latroni
1787 801 1873 875 qued

1038 903 1108 944 eum
1123 887 1174 945 iiio
1194 888 1225 944 in
1241 888 1384 961 paradiso
1410 887 1513 947 fuisset
1539 889 1657 946 iuturus
1677 891 1761 961 (Luc.
1786 905 1871 959 xxsu,

1038 980 1093 1048 11),
1110 976 1233 1051 quando
1253 976 1293 1033 ad
1320 977 1480 1035 solvendos
1506 977 1614 1036 interni
1637 979 1758 1037 dolores
1774 979 1874 1037 iuerat

1038 1065 1248 1124 descensurus.
1260 1066 1393 1124 Proiecto
1401 1067 1492 1138 igitur
1503 1067 1534 1124 in
1542 1067 1686 1140 paradiso
1699 1072 1791 1142 atque
1803 1069 1871 1125 sinu

1036 1156 1175 1221 Abrahae,
1186 1155 1350 1213 etiamaute
1362 1156 1424 1228 jam
1438 1161 1502 1215 erat
1512 1156 1701 1214 beatificante
1710 1157 1872 1231 sapientia,

1036 1249 1066 1302 et
1078 1245 1160 1319 apud
1175 1245 1286 1303 interos
1298 1245 1455 1317 J‘udicaute
1470 1247 1624 1319 potentia:
1645 1246 1695 1304 uhi
1710 1248 1792 1305 enim
1808 1263 1872 1306 nou

1036 1338 1080 1392 est
1093 1333 1176 1392 nullo
1188 1333 1256 1392 loco
1268 1334 1396 1392 obsessa
1410 1335 1551 1392 divinitas
1565 1335 1579 1390 1
1594 1336 1809 1394 Verumtamen
1825 1352 1873 1394 se·

1036 1423 1171 1481 eundum
1196 1431 1377 1491 creaturam,
1394 1439 1487 1498 quam
1514 1440 1550 1481 ex
1571 1424 1706 1499 quodam
1730 1428 1871 1499 tempore

1036 1513 1238 1586 suscipiendo,
1254 1527 1380 1569 manens
1394 1514 1470 1570 heus
1480 1512 1573 1571 homo
1586 1514 1682 1572 iactus
1692 1513 1814 1581 est,hoc
1825 1520 1871 1574 est

1034 1603 1201 1660 secundum
1215 1602 1349 1659 animam
1360 1617 1430 1658 eum
1442 1602 1535 1659 fuisse
1546 1602 1628 1676 apud
1639 1602 1752 1660 interos
1762 1608 1870 1677 aperte

1035 1692 1187 1765 Scriptura
1196 1691 1340 1758 declarat,
1353 1696 1444 1765 etper
1456 1691 1647 1764 prophetiam
1659 1692 1829 1765 premissa,
1840 1700 1870 1751 et

143 1778 222 1836 lectu
239 1779 336 1836 iacere
351 1779 496 1837 rideatur.
513 1780 633 1838 Addunt
648 1781 774 1854 quidam
789 1782 846 1840 hoe
870 1783 981 1841 benefi·
1033 1796 1087 1853 per
1112 1779 1312 1853 apostolicum
1338 1779 1522 1837 intellectum
1544 1781 1617 1837 satis
1640 1781 1789 1853 exposita,
1805 1797 1867 1856 qua

144 1867 225 1924 cium
234 1868 366 1941 antiquis
376 1869 465 1925 etiam
476 1869 688 1927 sauctisfuisse
697 1872 977 1939 concessumhhel,
1032 1871 1147 1927 dictum
1163 1875 1207 1927 est
1222 1887 1229 1926 ε
1245 1869 1311 1927 Non
1325 1868 1513 1941 derelinques
1529 1870 1811 1928 onimommeamin
1822 1872 1867 1929 irs·

144 1956 224 2025 Seth,
241 1959 343 2029 Nocet
356 1956 460 2014 domui
476 1959 554 2031 ejus,
567 1959 822 2026 Abrahamlsaac
835 1961 978 2030 etJacob,
1029 1959 1119 2029 [erno
1135 1959 1230 2029 (Psoi.
1246 1974 1296 2027 xv,
1314 1959 1368 2028 10).

143 2044 270 2118 aliisque
286 2046 500 2103 patriarchica
514 2046 680 2120 Prophetis,
697 2054 811 2106 uicum
834 2050 977 2108 Dominus
1067 2051 1094 2106 9.
1107 2049 1173 2107 Scio
1185 2047 1370 2121 quibusdam
1386 2047 1490 2112 videri,
1507 2051 1602 2104 morte
1616 2047 1737 2105 Domini
1755 2047 1865 2106 Christi

143 2133 175 2190 iu
191 2134 342 2191 internum
354 2135 495 2201 venisset,
512 2135 567 2192 illis
577 2136 733 2193 doloribus
743 2138 939 2197 solverentur.
1028 2139 1094 2212 J'am
1105 2137 1198 2194 talem
1213 2135 1460 2192 resurrectionem
1474 2136 1637 2208 praestitam
1650 2135 1750 2208 justis,
1765 2135 1864 2210 qualis

178 2223 205 2278 7.
220 2223 421 2296 Sedquouam
430 2224 523 2281 modo
532 2223 881 2296 intelligaturabraham,
890 2228 975 2286 incu-
1030 2227 1116 2286 nobis
1126 2225 1223 2283 iatine
1233 2225 1428 2297 promittitur;
1441 2224 1737 2298 quoniamscriptum
1749 2224 1863 2293 est,ilio

139 2313 190 2384 jus
204 2313 304 2370 sinum
319 2315 386 2386 pius
401 2313 492 2370 etiam
507 2329 624 2387 pauper
637 2314 685 2372 ille
701 2322 859 2390 susceptus
874 2321 928 2380 est.
944 2318 976 2375 in
1029 2323 1199 2376 terremotu
1211 2314 1382 2390 quoiuejus
1394 2314 1537 2387 passione
1548 2319 1639 2387 petras
1650 2313 1791 2372 scissmet
1801 2330 1863 2372 mo·

142 2400 977 2480 iitistuissedotoribusegoquidemnouvideo:expiicant
1028 2411 1174 2466 numenta
1189 2409 1292 2477 aperta
1309 2408 1387 2470 sunt,
1405 2402 1499 2460 multa
1518 2418 1645 2476 corpora
1661 2403 1862 2462 resurrexisse

141 2491 268 2548 tortasse
280 2493 332 2565 qui
344 2496 481 2565 possunt.
493 2490 688 2550 Solosautem
700 2494 973 2565 duos,idesthbra-
1021 2497 1185 2571 justorum,
1210 2498 1239 2550 et
1255 2494 1318 2550 visa
1340 2508 1409 2548 cum
1435 2491 1485 2549 illc
1499 2490 1624 2566 quaudo
1648 2494 1813 2550 resurrexit
1831 2493 1860 2550 in

141 2578 213 2636 bam
228 2579 426 2646 ethecarum,
442 2579 539 2637 inille
555 2581 760 2639 memorabilis
779 2584 888 2656 quietis
904 2585 971 2641 sinu
1026 2590 1132 2644 sancta
1148 2583 1267 2641 civitate
1281 2581 1400 2654 (Motth.
1417 2597 1503 2649 xxru,
1521 2580 1627 2655 stes).
1643 2582 1699 2649 oui
1717 2581 1822 2657 utique
1837 2582 1860 2640 si

143 2665 235 2724 tuisse
243 2673 406 2742 antequam
415 2667 600 2725 Dominusiu
612 2670 972 2740 intercadescenderet,at
1025 2691 1087 2734 non
1103 2674 1211 2731 iterum
1236 2670 1374 2743 repositis
1396 2669 1576 2742 corporibus
1600 2670 1800 2740 dormierunt,
1821 2673 1860 2729 si·

141 2755 179 2812 de
204 2757 268 2813 istis
290 2763 407 2815 tantum
427 2757 548 2815 duobus
568 2759 681 2816 dictum
707 2761 797 2817 tuisse
817 2762 863 2821 ilii.
875 2761 969 2832 diviti,
1025 2764 1159 2823 dendum
1180 2766 1226 2820 est
1242 2759 1503 2835 quemadmodum
1523 2758 1705 2831 intelligatur
1725 2760 1859 2819 Christus

142 2845 323 2905 interesset
337 2863 390 2905 nos
405 2846 494 2905 chaos
509 2864 652 2920 moenam
666 2850 821 2919 firmatum
835 2855 886 2920 est,
903 2859 934 2908 at
948 2852 972 2910 ii
1023 2853 1238 2928 primoqenitus
1253 2867 1271 2908 o
1284 2850 1411 2909 mortuis
1423 2851 1528 2923 (apoc.
1545 2868 1564 2918 r,
1580 2851 1619 2923 5),
1639 2851 1663 2906 si
1676 2866 1745 2907 eum
1763 2851 1795 2909 iu
1810 2851 1859 2910 itta

138 2937 195 3007 qai
206 2938 311 2994 uetant
323 2937 394 2995 hinc
408 2938 538 2996 transire
545 2939 586 2995 od
600 2953 650 2996 vos
662 2955 722 2998 nors
736 2941 861 3012 possint,
876 2957 971 3016 aeque
1025 2942 1241 3002 resurreetione
1253 2944 1294 2997 tot
1308 2944 1535 3012 praecesserunt.
1552 2937 1677 3006 Quodsi
1692 2940 1859 3013 respoude-

139 3026 211 3084 inde
222 3025 281 3084 hae
296 3033 482 3086 transmeare
497 3027 580 3100 (Lac.
596 3045 654 3096 xvr,
668 3033 726 3099 11),
751 3032 851 3089 nescio
869 3039 969 3089 utrum
1024 3036 1071 3091 tur
1083 3032 1140 3089 hoc
1156 3030 1345 3088 diatumesse
1360 3043 1413 3102 per
1426 3027 1682 3100 anticipationem,
1699 3033 1732 3085 ut
1751 3043 1859 3087 monu-

137 3115 302 3190 quisquam
323 3117 361 3174 sit
375 3118 423 3173 cui
437 3133 498 3174 non
519 3117 656 3177 videatur
676 3119 854 3178 absurdum.
877 3120 969 3180 Porro
1023 3127 1126 3180 menta
1140 3118 1264 3195 quidem
1280 3116 1330 3175 ilio
1347 3121 1517 3175 terremotu
1532 3115 1856 3189 apertainteiligantur,

139 3206 164 3262 si
180 3205 280 3278 piures
294 3222 387 3280 quam
410 3207 469 3264 duo
492 3207 533 3262 ihi
554 3212 648 3278 erant,
665 3209 733 3281 quis
746 3209 857 3267 audeat
870 3211 969 3270 dicere
1023 3210 1233 3269 cumChristus
1244 3207 1275 3264 iu
1285 3221 1372 3265 cruce
1388 3206 1539 3278 penderet,
1549 3205 1747 3263 resurrexisse
1755 3213 1856 3266 autem

139 3309 201 3352 non
212 3295 253 3352 ibi
268 3296 361 3351 tuisse
377 3294 564 3352 Patriarchas
575 3302 603 3352 et
619 3296 794 3370 Prophetas,
811 3299 924 3371 quibus
938 3301 967 3358 in
1019 3299 1170 3373 justorum
1185 3312 1313 3371 corpora
1328 3300 1481 3361 neutuna,
1498 3294 1551 3351 sed
1566 3310 1635 3352 cum
1651 3293 1703 3352 ilio
1718 3295 1857 3369 priurre·

33 3388 36 3395 '
139 3385 293 3457 Scriptura
308 3383 358 3441 Dei
369 3383 491 3455 justitie
504 3385 681 3459 pietatisque
702 3392 762 3444 tam
779 3387 895 3460 insigne
911 3395 968 3448 tes-
1022 3388 1221 3447 surrexisset:
1248 3383 1389 3459 quamvis
1409 3388 1491 3449 tuuc,
1518 3388 1548 3439 ut
1572 3383 1643 3450 dixi,
1660 3384 1856 3459 anticipando

137 3472 298 3531 timonium
321 3471 524 3545 perhibetur?
544 3474 620 3541 Quid
641 3474 775 3548 biserga
798 3478 968 3551 praetiterit
1022 3477 1129 3535 fuisset
1141 3474 1331 3548 adiunctum,
1349 3478 1381 3530 ut
1399 3478 1426 3530 ei
1447 3472 1580 3530 Christus
1598 3472 1818 3546 primogenitus
1837 3489 1855 3533 a

136 3563 188 3636 qui
197 3561 316 3620 dolores
326 3561 411 3619 seivit
420 3561 539 3631 interni,
552 3563 581 3620 ia
591 3564 703 3637 quibus
716 3565 755 3624 illi
766 3581 827 3624 noa
837 3566 965 3638 fuerunt,
1022 3565 1149 3625 mortuis
1164 3567 1228 3622 sine
1252 3562 1449 3634 ambiguitate
1471 3561 1620 3627 credatur,
1635 3566 1664 3618 et
1684 3561 1745 3619 iliis
1765 3563 1853 3636 justis

136 3651 274 3708 nondum
284 3650 417 3723 intelligo
429 3667 437 3720 ;
448 3653 616 3725 presertim
627 3654 744 3728 quiana
753 3656 966 3731 ipsosquidem
1023 3656 1166 3714 continuo
1178 3668 1355 3712 concessum
1372 3656 1403 3708 ut
1418 3649 1486 3726 ipso
1499 3655 1652 3725 praeeunte
1666 3650 1698 3707 in
1709 3656 1854 3711 aeternam

136 3739 247 3797 interos
262 3742 382 3815 uspiam
404 3742 622 3816 scripturarum
652 3744 683 3801 in
702 3744 784 3803 hono
799 3747 966 3820 appellatos
1020 3739 1852 3818 incorruptionematquaimmortalitatemresurgereuh

135 3830 221 3904 potui
234 3831 373 3903 reperire.
390 3830 476 3898 Quod
490 3831 515 3888 si
528 3847 680 3905 nusquam
695 3834 725 3890 in
739 3834 848 3893 divinis
861 3843 966 3895 aucto-
1020 3832 1093 3892 illud
1106 3833 1206 3890 adhuc
1219 3834 1311 3889 restat
1325 3828 1408 3903 quod
1419 3834 1549 3898 moreat,
1565 3829 1752 3902 quemodoa
1767 3830 1852 3888 Petro

134 3919 272 3977 sitatibus
287 3919 404 3991 tegitur,
421 3935 480 3977 nou
496 3920 599 3994 utique
614 3922 699 3980 sinus
714 3923 761 3980 ille
779 3925 917 3994 Abrahae
934 3927 965 3985 id

135 4013 181 4067 est
194 4015 313 4066 secretae
326 4009 484 4081 cujusdam
496 4010 604 4083 quietis
615 4011 769 4082 habitatio,
783 4014 884 4088 aliqua
894 4033 964 4090 pars

135 4097 300 4154 inferorum
312 4114 377 4155 esse
392 4096 542 4155 credenda
556 4103 609 4156 esi.
622 4101 801 4174 Quanquam
816 4104 847 4160 in
860 4104 906 4160 his
921 4106 965 4179 ip·

135 4187 176 4241 sis
193 4185 267 4243 tanti
282 4186 415 4258 magistri
429 4186 538 4254 verbis,
553 4187 604 4244 uhi
617 4189 660 4246 ait
673 4189 783 4248 dixisse
798 4191 961 4263 abraham,

134 4274 221 4333 Inter
231 4290 280 4333 vos
290 4282 317 4333 et
328 4291 379 4333 nos
394 4275 484 4334 choos
497 4290 640 4349 moenum
649 4278 865 4348 lirmotumsst,
879 4285 961 4352 satis,

134 4368 168 4421 ut
182 4364 300 4438 opinor,
315 4368 461 4438 appareat
482 4380 543 4422 non
564 4381 629 4423 esse
643 4369 810 4441 quamdam
833 4377 960 4445 partem,

133 4457 164 4512 et
177 4454 266 4528 quasi
279 4454 451 4511 membrum
464 4453 638 4523 interorum,
650 4461 739 4515 tauta
749 4457 827 4517 illius
841 4461 962 4522 teticita·

132 4543 172 4601 tis
185 4545 297 4601 sinum.
311 4544 409 4603 Chaos
419 4544 498 4602 enim
516 4561 660 4617 maguum
673 4546 748 4622 quid
763 4554 817 4618 est,
830 4552 887 4609 nisi
897 4555 961 4626 qui·

132 4631 205 4689 dam
229 4633 338 4700 hiatus,
354 4632 483 4690 multum
502 4649 537 4691 ea
562 4650 706 4707 separans
720 4635 876 4714 interque
898 4658 959 4700 non

133 4718 232 4778 solum
247 4728 412 4787 estrerum
427 4722 517 4780 etiam
533 4722 670 4781 firmatus
685 4729 730 4783 est
743 4725 758 4782 i
773 4728 960 4804 Quapropter

132 4809 157 4866 si
173 4810 201 4867 in
215 4809 300 4868 iilum
314 4811 443 4870 Abrabae
457 4812 556 4870 siuum
572 4813 723 4873 Christum
738 4824 892 4878 mortuum
906 4835 960 4878 ve·

130 4899 210 4957 nisse
222 4906 326 4958 sancta
344 4900 497 4975 Scriptura
512 4902 647 4974 dixisset,
667 4920 730 4963 non
745 4908 900 4967 nominato
915 4910 959 4967 in·

129 4987 213 5046 terno
228 4988 355 5064 ejusque
374 4989 540 5060 doloribus,
563 4993 660 5051 minor
683 4994 709 5052 si
732 4997 896 5072 quisquam
919 5000 958 5057 ad

128 5078 241 5137 inferos
255 5095 325 5137 cum
339 5079 530 5137 descendisse
543 5096 677 5140 asserere
692 5084 825 5143 auderet.

165 5171 189 5225 8.
200 5169 338 5242 Sedquia
348 5168 863 5233 evidentiatestimoniaetiniernum
874 5192 956 5236 com·

1018 3922 1079 3981 dici
1101 3921 1240 3995 potuerit,
1255 3918 1337 3994 quod
1357 3917 1460 3992 utique
1481 3916 1639 3975 verissime
1661 3917 1777 3976 dictum
1799 3922 1850 3990 est,

1019 4010 1143 4088 quando
1164 4008 1312 4084 perillam
1337 4005 1527 4081 prophetiam
1542 4022 1603 4064 non
1619 4007 1656 4065 de
1672 4007 1778 4077 David,
1799 4007 1851 4065 sed

1018 4102 1057 4160 de
1070 4100 1184 4159 Christo
1200 4097 1330 4157 asseruit
1343 4096 1436 4154 tuisse
1448 4095 1639 4169 praedictum,
1653 4111 1777 4153 carnem
1788 4096 1851 4171 ejus

1018 4206 1079 4249 nou
1088 4189 1199 4247 vidisse
1209 4185 1431 4259 corruptionem
1447 4203 1454 4255 ;
1468 4189 1497 4242 et
1508 4185 1590 4258 quod
1599 4184 1738 4256 adjunxit
1749 4185 1850 4244 detis·

1017 4280 1078 4346 vid,
1095 4276 1178 4353 apud
1191 4292 1242 4335 eos
1255 4291 1322 4332 esse
1336 4277 1567 4332 monumentum
1582 4275 1648 4348 ejus
1664 4275 1744 4345 (Aet.
1759 4290 1790 4340 rr,
1805 4278 1848 4344 27,

1017 4369 1083 4442 29):
1103 4367 1182 4425 uude
1196 4366 1264 4424 illos
1277 4365 1379 4438 utique
1394 4379 1454 4421 non
1474 4361 1682 4429 convincebat,
1696 4362 1722 4420 si
1739 4379 1849 4438 corpus

1016 4458 1082 4531 ejus
1095 4456 1136 4515 ibi
1147 4458 1212 4529 jam
1224 4470 1286 4512 non
1300 4458 1379 4522 erat;
1390 4452 1465 4526 quia
1477 4452 1501 4508 si
1511 4455 1616 4510 etanta
1628 4452 1659 4509 in
1672 4453 1849 4512 recentisua

1016 4550 1112 4606 morte
1125 4543 1346 4611 resurrexisset,
1357 4557 1413 4599 nec
1427 4557 1498 4599 caro
1508 4542 1574 4614 ejus
1588 4540 1714 4599 uidisset
1725 4558 1847 4618 corrup

1016 4639 1139 4706 tionem,
1149 4642 1247 4709 posset
1258 4630 1533 4691 nihilonriuusiitud
1544 4637 1777 4689 mouumentum
1786 4646 1848 4690 ms·

1014 4741 1097 4784 nere.
1113 4725 1226 4782 Durum
1240 4726 1342 4781 autem
1357 4719 1475 4778 videtur
1490 4722 1521 4776 ut
1533 4719 1626 4777 David
1639 4734 1702 4777 non
1716 4719 1806 4779 tuerit
1816 4720 1847 4778 iu

1014 4815 1067 4875 ilia
1079 4813 1298 4871 resurrectione
1309 4811 1470 4883 justorum,
1481 4808 1506 4864 si
1516 4808 1559 4865 eis
1571 4808 1635 4881 jam
1645 4812 1755 4866 eterna
1770 4811 1780 4848 ¹
1794 4810 1846 4868 do·

1013 4909 1086 4963 nata
1098 4911 1152 4969 est,
1168 4901 1254 4973 cujus
1274 4899 1409 4956 Christus
1423 4913 1459 4955 ex
1474 4895 1587 4954 semine
1609 4900 1669 4954 tam
1685 4898 1806 4967 erebro,
1818 4902 1847 4956 et

1013 4974 1097 5052 tanta
1111 4990 1271 5058 evidentia,
1286 4994 1431 5061 tantaque
1445 4986 1673 5044 honorificentia
1688 5002 1846 5047 commen·

1012 5081 1111 5140 datur.
1126 5078 1342 5139 Periclitabitur
1356 5076 1446 5134 etiam
1460 5075 1533 5133 iliud
1548 5075 1630 5150 quod
1646 5077 1685 5134 ad
1701 5076 1844 5137 uacuos

1012 5173 1050 5230 de
1063 5172 1153 5243 justis
1168 5169 1299 5243 antiquis
1314 5167 1433 5231 dicitur,
1448 5164 1522 5234 Ouia
1541 5180 1598 5235 pro
1613 5165 1698 5221 nobis
1716 5168 1844 5227 metam

127 5264 299 5315 memorant
313 5263 342 5315 et
355 5258 485 5328 dolores,
497 5258 579 5318 nulla
591 5275 685 5318 causa
697 5264 826 5323 occurrit
842 5280 894 5323 our
907 5267 955 5327 itte
1009 5260 1219 5333 providerunt,
1244 5272 1281 5315 ne
1299 5257 1364 5313 sine
1380 5253 1464 5311 nobb
1486 5253 1612 5326 perfecti
1624 5254 1844 5325 perficerentur

127 5347 391 5405 credaturreuisse
404 5346 548 5418 Salvator,
565 5348 623 5406 nisi
633 5354 664 5407 ut
673 5351 712 5409 ab
722 5351 788 5424 ejus
797 5354 953 5415 doloribus

1011 5350 1098 5423 (Hah.
1113 5365 1153 5416 xr,
1170 5348 1216 5420 to)
1232 5363 1239 5415 ;
1257 5347 1281 5403 si
1301 5346 1369 5419 jam
1384 5344 1415 5401 iu
1430 5343 1480 5429 iiia
1494 5342 1721 5401 resurrectionis
1744 5344 1842 5403 incer·

127 5434 228 5492 salros
243 5436 367 5507 taceret,
380 5439 433 5496 sed
444 5442 544 5497 utrum
559 5455 665 5498 omnes
679 5456 757 5515 quos
769 5444 800 5500 in
814 5445 858 5502 ais
873 5446 955 5507 inse·
1009 5440 1147 5514 ruptione
1165 5435 1315 5496 0⁰1¹⁵ffl¹¹ti
1328 5433 1590 5507 8111111118)ὓοῧῦ
1603 5431 1839 5507 Wfl‘iifflfflssiss

125 5522 180 5588 nit,
192 5537 231 5580 an
245 5526 395 5598 quosdam
409 5543 487 5602 quos
499 5528 549 5586 itlo
560 5528 708 5588 beneficio
717 5531 825 5606 dignos
836 5534 954 5608 iudica·
1007 5529 1069 5587 fl¹¹⁰
1083 5526 1272 5603 Pf⁰ffliffl¹¹¹¹²

125 5610 176 5682 rit,
191 5610 291 5669 adhue
304 5615 442 5689 requiro:
459 5617 552 5678 titisse
569 5623 672 5681 tamur
686 5635 757 5682 eum
776 5624 860 5699 apud
873 5625 950 5687 inte-

1038 5636 1121 5687 ¹itss.
1137 5636 1273 5702 quatuor:
1288 5630 1397 5685 AEtsrrsc
1412 5631 1467 5684 situ
1481 5628 1581 5684 tomis
1589 5631 1644 5691 ssi.
