3952 6128
217 146 271 203 863

219 272 326 338 aversi,
340 276 368 330 et
387 271 521 330 insnum
536 271 646 328 testum
657 272 955 348 obstinationemque
972 289 1044 347 pro·

219 361 316 435 gressi
327 367 406 418 sunt.
423 363 456 416 Et
469 360 615 432 quoniam
630 367 764 420 extremo
781 364 895 436 judicio
913 363 1045 420 Christus

219 450 352 506 dicturus
365 455 408 503 est
423 448 465 503 eis
480 464 558 520 quos
573 450 611 505 ad
623 450 772 509 sinistram
788 453 946 516 discernet,
960 453 1003 508 lte
1013 454 1045 507 iu

218 539 478 609 iguernesteruum,
492 537 544 608 qui
559 546 685 606 paratus
700 547 740 596 est
752 541 872 597 diabolo
887 548 913 598 et
930 538 1046 610 capelle

219 627 1047 701 ejusldlattb.xxr,il);hismalignisspiritibuscoujnu·

220 716 345 785 gendos,
358 715 506 788 simulque
516 717 718 785 damnandos,
732 719 803 775 dicit
820 721 914 775 ituros
926 719 956 773 in
969 726 1047 774 teue-

218 806 290 863 bras
303 807 473 873 exteriores,
492 806 576 862 idest
591 806 621 862 in
636 808 809 865 societatem
824 808 972 881 poenalem
985 807 1048 863 dia·

220 895 281 951 boli
293 900 321 950 et
336 893 513 963 angelorum
529 895 604 967 ejus.
618 897 689 952 Huic
700 913 794 969 prenae
811 898 992 953 contrarium
1003 899 1048 951 est

219 983 389 1056 quodbono
400 1000 483 1040 servo
498 985 615 1041 dicitur.
629 987 715 1042 lutra
729 985 761 1042 iu
774 987 919 1058 gaudium
935 984 1048 1042 deuriut'

221 1075 265 1130 tui
278 1072 367 1145 (tota.
384 1076 446 1140 27),
464 1080 495 1128 ut
515 1079 625 1139 quanto
645 1081 715 1130 sunt
735 1076 799 1131 ista
821 1076 949 1132 tenebrae
968 1081 1048 1131 exte-

220 1162 323 1226 riores,
339 1167 419 1218 tanto
435 1161 471 1217 sit
487 1161 588 1218 lumen
604 1163 676 1219 illud
691 1164 824 1219 interius.
837 1166 901 1220 Non
917 1164 981 1219 brac
995 1177 1048 1235 per

221 1251 356 1308 locorum
371 1251 526 1307 intervalla
543 1251 625 1307 inani
640 1251 852 1324 phantasmate
867 1252 1049 1323 congitanda

222 1345 292 1395 sunt
313 1357 319 1395 :
337 1339 444 1397 localia
459 1340 556 1410 spatia
574 1356 635 1396 non
651 1349 798 1414 occupant
817 1342 874 1398 nisi
890 1356 1049 1413 corporum

222 1430 397 1486 moleslton
408 1435 451 1484 est
462 1430 518 1485 boc
534 1430 812 1501 spiritusritae,non
824 1431 932 1487 esthoc
947 1431 1050 1487 anima

222 1518 384 1582 rationalis,
401 1518 494 1575 multo
510 1518 604 1574 urinas
620 1519 698 1574 Deus
718 1521 854 1576 omnium
874 1518 1050 1591 benignissi-

222 1624 290 1662 mus
304 1608 449 1677 conditor,
466 1612 494 1663 et
505 1608 691 1678 justissimus
706 1609 869 1665 ordinator.
887 1607 1051 1665 Voluntati·

221 1696 279 1752 bns
288 1703 316 1753 et
324 1695 545 1752 effectibusistu
556 1696 599 1752 vel
609 1697 813 1770 propinquare
823 1698 964 1770 vellonge
976 1697 1050 1764 fieri,

222 1785 268 1840 vel
279 1786 389 1842 intrare
404 1785 448 1840 vel
463 1787 543 1841 exire
554 1785 705 1842 dicuntur.

258 1879 303 1932 58.
318 1874 374 1931 Sed
388 1875 460 1946 quia
476 1875 555 1930 malo
570 1890 668 1947 opere,
682 1874 713 1931 id
728 1878 772 1931 est
786 1875 1052 1932 tenebrosodaleo-

223 1968 324 2019 tantur
337 1963 491 2028 facientes,
504 1970 644 2020 secutura
656 1969 806 2021 estantem
815 1981 905 2036 poena
918 1981 982 2037 quie
994 1970 1052 2021 tor·

144 2094 150 2103 .
224 2057 324 2124 queat,
336 2052 404 2108 ideo
422 2053 566 2109 Dominus
581 2053 630 2107 nbi
642 2053 726 2119 dixit,
739 2053 1050 2122 tenebraseuterories,

223 2141 337 2197 addidit
348 2142 444 2211 etiam,
460 2141 504 2196 lbi
514 2141 569 2197 erit
580 2142 668 2212 (tetus
685 2149 711 2198 et
726 2141 980 2199 stridordentium
996 2158 1053 2198 :ne

224 2230 333 2286 talibus
356 2230 614 2296 delectationibus,
639 2231 779 2303 qualibus
803 2232 852 2289 bic
871 2232 965 2305 iniqui
989 2247 1053 2304 per·

224 2318 372 2384 fruuntur,
387 2319 513 2391 quando
528 2320 703 2376 infidelitate
712 2327 801 2392 atque
815 2321 961 2390 injustitia
977 2326 1054 2377 tene-

224 2407 373 2472 brescunt,
389 2409 478 2463 etiam
493 2408 522 2462 in
534 2408 582 2463 illo
599 2409 747 2480 supplicio
761 2425 792 2464 se
808 2425 914 2465 usuros
926 2410 1054 2466 demen-

224 2501 268 2551 ter
282 2495 466 2560 existirnent;
477 2495 548 2566 quia
566 2497 646 2550 enim
659 2496 790 2552 volentes
803 2498 912 2568 injuste
928 2504 1050 2554 utuntur

225 2585 407 2655 bonis,jnste
415 2585 549 2641 nolentes
557 2585 771 2642 cruciabuntur
782 2584 973 2642 malis.Unde
983 2603 1051 2659 pos-

224 2680 292 2730 sunt
304 2674 393 2730 etiarn
407 2673 535 2730 tenebras
549 2676 709 2730 exteriores
728 2674 852 2745 intelligi
868 2691 963 2747 poenae
985 2692 1052 2732 cor·

224 2760 356 2833 porales;
368 2777 476 2833 corpus
490 2762 603 2835 quippe
621 2764 784 2820 estanimee
799 2765 943 2821 exterius:
955 2765 1052 2821 utsint

222 2851 330 2906 animae
343 2853 432 2917 mala,
449 2851 589 2923 quibnsa
600 2852 751 2909 charitatis
766 2853 831 2909 luce
847 2869 953 2910 euersa
965 2868 1049 2910 mens

221 2938 250 2995 in
274 2939 405 3011 peccatis
428 2939 605 3007 oblectatur,
621 2945 729 2997 extcrae
750 2942 894 3009 tenebras;
916 2943 1052 3015 corporis

220 3035 320 3084 etitem
337 3029 430 3094 mala,
441 3028 553 3100 quibus
567 3029 684 3085 oeternis
698 3031 728 3085 in
742 3029 833 3086 linem
854 3032 1048 3104 torquebitur,

221 3118 380 3172 exteriores
397 3118 544 3184 tenebrae3
560 3134 636 3190 ques
651 3118 732 3174 solas
758 3120 861 3177 timent
878 3120 931 3193 qni
950 3122 1048 3179 servili

221 3205 322 3261 adbuc
338 3205 443 3262 timore
460 3206 640 3262 detinentur.
652 3210 726 3263 Nam
738 3207 763 3263 si
779 3209 820 3263 eis
833 3209 933 3266 liceret
948 3210 977 3266 in
992 3210 1049 3266 illis

220 3295 329 3349 exteris
343 3309 412 3365 quse
428 3300 498 3349 sunt
512 3297 541 3348 in
554 3296 691 3366 pcccatis,
704 3296 828 3367 impune
844 3314 963 3370 semper
972 3299 1049 3355 volvi

221 3388 250 3438 et
269 3380 392 3446 involvi,
407 3381 540 3451 prolecto
556 3398 712 3455 nunquam
732 3384 838 3440 vellent
855 3387 997 3442 accedere
1011 3387 1049 3443 ad

222 3472 326 3534 Deum,
336 3474 365 3525 et
376 3470 548 3537 illuminari,
557 3475 587 3526 et
596 3474 740 3528 inhaerere
751 3474 791 3529 illi
804 3490 856 3546 per
865 3475 1047 3543 charitatem,

222 3558 272 3613 ubi
293 3564 337 3614 est
356 3559 446 3614 timor
465 3565 577 3625 cactus,
593 3577 769 3631 permanens
788 3562 818 3618 in
839 3565 982 3620 saeculum
999 3582 1051 3621 εω-

222 3647 296 3712 ειιιι;
308 3647 360 3719 qui
377 3647 465 3703 timor
482 3663 544 3705 non
569 3649 692 3718 cruciat,
711 3651 763 3706 scd
785 3652 965 3709 tenaciorem
983 3653 1051 3709 lacit

222 3735 350 3792 eitimam
362 3736 433 3791 boui
446 3737 535 3799 illius.
549 3738 629 3809 quod
645 3740 670 3794 si
680 3738 835 3807 dimiserit,
847 3742 942 3797 cadet.

257 3821 1049 3887 CAPUTlllllV.—5tt.Timeatcumomuesemenlsrael.

222 3915 253 3968 lit
269 3913 560 3988 videcansamqnem
570 3917 738 3988 conjungit:
749 3918 961 3986 Qraouiamucu
971 3935 1052 3990 spre-

222 4004 275 4069 uit,
291 4002 396 4074 inquit,
414 4018 508 4075 aeque
525 4004 659 4075 desperit
677 4021 793 4076 precem
810 4008 962 4077 pauperis,
980 4011 1051 4064 Pan·

222 4105 334 4161 penem,
345 4091 490 4146 buinilem
502 4091 588 4148 dicit:
603 4093 672 4149 binc
682 4100 737 4161 est,
746 4096 818 4151 Noli
832 4096 925 4153 altum
935 4111 1050 4166 sapere.

222 4178 273 4233 secl
285 4178 363 4235 time·
375 4181 566 4250 Timeatergo
575 4196 644 4238 eum
656 4198 742 4239 omne
752 4200 853 4240 semen
867 4185 968 4251 lsrael,
978 4201 1051 4258 qno·

222 4268 304 4323 niani
316 4283 376 4324 non
392 4269 527 4339 despexit
542 4271 606 4341 ejus
622 4286 740 4342 precem
755 4274 808 4345 qui
824 4289 884 4329 non
900 4275 1051 4332 altumsa·

222 4356 296 4428 pnit,
312 4358 364 4414 sed
379 4359 487 4414 timuit.
499 4358 597 4415 Potest
607 4365 636 4416 et
648 4360 706 4417 hoo
716 4363 805 4433 capiti
817 4363 950 4435 coaptari
960 4381 968 4431 ;
979 4363 1052 4437 quia

222 4446 286 4518 ipse
305 4446 440 4503 Salvator
457 4449 592 4519 corporis
613 4457 735 4522 propter
750 4466 806 4507 nos
826 4468 941 4524 pauper
958 4452 1053 4508 lectus

223 4539 276 4600 est,
292 4551 360 4591 enin
377 4537 461 4592 dives
482 4543 568 4604 esset,
586 4539 689 4610 atejus
701 4546 876 4613 paupertate
887 4541 1054 4600 ditaremur

223 4623 259 4694 (tt
273 4624 339 4681 cor.
352 4627 413 4692 viii,
426 4626 464 4698 9).
481 4628 521 4682 Ex
534 4626 631 4683 forma
646 4629 726 4683 enim
736 4630 813 4685 servi
829 4646 942 4702 pauper
956 4631 1052 4688 iectus

223 4717 277 4779 est,
293 4729 329 4770 ex
343 4731 403 4787 qna
419 4721 449 4771 et
467 4731 584 4787 precem
604 4716 680 4772 fudit
701 4734 707 4774 :
721 4717 751 4774 in
775 4734 811 4775 ea
826 4720 940 4792 quippe
958 4736 1050 4776 εειιιε-

223 4802 334 4870 tipsum
350 4803 528 4870 humiliavit,
544 4805 639 4861 fectus
652 4807 796 4863 obediens
813 4809 959 4882 usquead
974 4826 1051 4867 mor·

223 4895 282 4946 lem
302 4892 493 4961 (partepart,
516 4894 557 4965 8).
577 4894 649 4949 Vide
665 4910 736 4965 ergo
757 4897 828 4969 quid
850 4899 952 4953 dicat:
976 4899 1052 4966 Quo·

223 4979 305 5036 uiam
321 4996 380 5036 non
395 4982 503 5051 spreuit
518 4997 614 5055 neque
627 4985 760 5053 despecti
777 5001 887 5056 precem
904 4988 1049 5057 pauperis,

221 5071 428 5141 nequeauertit
436 5070 543 5140 [amaru
556 5087 641 5127 suasu
653 5088 733 5130 ame.
747 5074 849 5131 Ubiest
862 5075 945 5144 illud,
954 5077 1051 5145 Quare

221 5173 267 5215 me
287 5158 483 5232 dereliquisti,
502 5159 527 5215 si
547 5176 601 5216 nec
622 5162 728 5218 taciem
742 5165 846 5219 avertit
860 5165 899 5220 ab
912 5166 974 5222 eo?
993 5166 1048 5222 nisi

220 5247 292 5318 quia
304 5254 331 5303 et
341 5247 552 5321 derelinquens
561 5250 817 5322 nonderelinquit,
825 5253 951 5324 quando
959 5254 989 5309 in
998 5254 1050 5312 bo·

221 5335 267 5390 nis
282 5337 499 5408 temporalibus
514 5353 574 5393 non
588 5338 723 5407 exaudiu
740 5348 767 5395 et
780 5356 840 5397 non
856 5342 892 5398 ed
910 5342 1049 5416 insipien·

223 5423 294 5478 tiam
311 5425 408 5492 nobis,
421 5426 473 5483 sed
488 5432 519 5482 ut
534 5428 689 5499 sapiemus
704 5428 776 5502 quid
794 5431 919 5498 nulerat,
933 5436 962 5489 et
976 5434 1047 5504 quid

223 5600 293 5649 note
317 5599 378 5650 bias.
395 5600 502 5662 babent,
527 5606 733 5658 catatumbis
754 5608 835 5659 etiem
852 5608 966 5676 anypii
982 5612 1047 5663 cdd.

222 5659 276 5711 duo
291 5673 373 5711 mann
391 5667 502 5715 exarati.

869 149 901 207 S.
921 145 1112 207 sucusrtttt
1130 144 1289 203 episcopt

1874 144 1928 202 tot

1099 271 1204 329 offeret
1224 271 1321 328 nobis.
1336 272 1415 337 Nou,
1433 271 1539 344 inquit,
1555 270 1665 341 spreuit
1680 283 1772 341 neque
1791 267 1927 337 despecti

1099 376 1215 432 precem
1225 361 1378 432 pauperes,
1393 375 1488 433 aeque
1497 360 1604 417 auertit
1616 360 1726 430 sartam
1739 373 1825 415 suam
1837 374 1928 416 ciue:

1100 457 1127 508 et
1138 466 1204 507 cum
1217 451 1378 507 alacriorem
1394 450 1435 507 nd
1449 466 1525 513 earn,
1536 448 1689 506 exaudivit
1703 462 1757 504 me.
1772 448 1849 503 Fecit
1859 463 1930 517 ergo

1100 539 1181 612 quod
1206 539 1296 610 ρειιιο
1316 546 1383 595 ante
1403 544 1526 607 rogatus
1546 544 1599 601 est,
1620 537 1668 593 ubi
1683 553 1748 593 eum
1764 536 1931 608 deprecans

1101 628 1175 685 dixit
1190 643 1197 684 :
1212 627 1393 685 Nediscedas
1408 627 1612 684 arnestenuu
1625 625 1931 698 exaudivit‚proiecto

1101 716 1179 785 lecit,
1196 732 1256 773 non
1268 717 1370 790 utique
1386 715 1530 772 discessit.
1545 718 1608 772 Non
1623 730 1694 785 crgo
1707 713 1930 787 dereliquitboo

1103 807 1203 871 modo,
1217 806 1267 878 qui
1281 805 1340 862 alic
1348 806 1439 861 modo
1452 805 1617 877 dereliquit,
1633 810 1664 860 ut
1675 819 1849 876 saperemus
1859 818 1933 876 quo·

1101 894 1193 951 modo
1210 896 1306 965 niagis
1323 910 1380 950 ιιοιι
1394 893 1430 950 nb
1445 910 1480 950 eo
1498 893 1664 966 derelinqui
1684 893 1757 948 velle
1771 893 1931 951 debemus.

1138 987 1182 1040 ιιι).
1196 984 1284 1054 Apud
1299 991 1327 1041 tc
1341 985 1408 1040 taus
1421 997 1493 1039 mec.
1511 983 1589 1049 Quid
1599 998 1671 1052 ergo
1684 988 1792 1039 nocent
1807 985 1856 1054 qui
1870 988 1935 1039 tan·

1101 1087 1193 1144 quam
1210 1071 1285 1127 victo
1300 1072 1455 1138 insultent,
1466 1071 1548 1144 qnod
1561 1087 1608 1127 me
1619 1070 1933 1142 intemporalibusde-

1101 1159 1277 1233 reliqueris?
1288 1160 1321 1217 ln
1336 1161 1470 1217 Ecclesia
1484 1176 1594 1232 maprra
1606 1160 1766 1229 confitebor
1777 1160 1832 1215 tibi
1846 1179 1857 1217 .·
1873 1175 1935 1216 non

1102 1257 1215 1322 quanta
1237 1250 1294 1306 iste
1308 1251 1467 1322 synagoga
1483 1256 1536 1316 est,
1549 1266 1616 1322 quae
1632 1249 1731 1305 irridet
1743 1257 1871 1306 mortem
1885 1250 1936 1305 de·

1103 1337 1204 1403 relicti,
1224 1339 1277 1393 sed
1297 1340 1327 1394 in
1347 1337 1478 1395 Ecclesia
1494 1353 1605 1407 magna
1624 1337 1734 1394 diffuse
1755 1354 1809 1411 per
1827 1354 1936 1395 omnes

1104 1432 1216 1497 gentes,
1232 1443 1301 1499 ques
1313 1428 1404 1484 credit
1416 1429 1444 1482 in
1456 1427 1702 1483 resurrectionem
1715 1442 1775 1484 non
1789 1427 1934 1485 derelicti.

1106 1518 1171 1572 tlaec
1187 1522 1230 1571 est
1247 1517 1334 1572 unice
1349 1516 1505 1589 illaquam
1519 1517 1591 1588 petit
1604 1516 1641 1573 de
1653 1532 1743 1573 marcu
1759 1517 1844 1573 cauis
1857 1517 1934 1585 erni,

1104 1604 1219 1677 deque
1235 1605 1324 1661 etiam
1340 1605 1432 1678 paulo
1448 1609 1518 1662 ante
1538 1604 1618 1672 dixit,
1637 1605 1668 1660 lu
1682 1605 1777 1661 merlin
1801 1606 1937 1664 Ecclesia

1105 1694 1227 1751 cantabo
1242 1700 1278 1751 le.
1298 1697 1330 1750 lit
1341 1695 1513 1767 nuncquod
1525 1696 1575 1760 eit,
1589 1694 1752 1763 cotrfitebnr
1766 1694 1833 1759 titt,
1845 1695 1874 1750 in
1891 1696 1935 1751 eis

1106 1782 1696 1855 utiquequiconsitebuntnr,inquibuset
1710 1783 1936 1855 loquitur.Gon·

1105 1870 1197 1926 lessio
1219 1877 1398 1927 autemnon
1419 1877 1534 1928 tanturn
1555 1877 1745 1944 peccatorum
1766 1878 1822 1942 est,
1839 1873 1936 1931 sedet

1105 1958 1204 2015 laudis
1222 1960 1268 2015 bct
1277 1977 1285 2026 ;
1298 1960 1372 2015 sicut
1388 1961 1491 2032 ipsein
1506 1960 1673 2030 Evangelio,
1688 1959 1863 2029 Coclitebor
1874 1961 1932 2029 itti,

1107 2048 1213 2120 inquit,
1230 2049 1328 2117 Pater,
1347 2050 1471 2105 Douriuc
1486 2050 1552 2106 cali
1566 2057 1591 2107 et
1610 2056 1709 2114 terrae,
1721 2050 1793 2122 quin
1813 2050 1934 2108 abscon·

1106 2137 1177 2194 disti
1192 2138 1254 2195 ltere
1266 2154 1284 2195 a
1297 2139 1479 2207 sapientibus
1492 2145 1518 2195 et
1533 2139 1737 2213 prudentibus,
1754 2145 1781 2196 et
1794 2141 1935 2197 revelasti

1107 2240 1141 2283 en
1154 2228 1293 2296 paruulis
1306 2228 1424 2289 (Matttt.
1439 2244 1478 2289 xi,
1494 2228 1550 2299 25).
1570 2227 1639 2284 ldeo
1655 2228 1790 2301 sequitur
1800 2234 1830 2285 et
1845 2229 1932 2286 dicit:

1113 2315 1936 2387 Votnmearcddnrucornmtintentibriseum.ls'dentpcu-

1107 2420 1201 2474 peres,
1209 2413 1234 2460 et
1244 2406 1481 2476 saturabuntum
1492 2412 1518 2463 et
1531 2405 1698 2462 laudabunt
1711 2408 1871 2463 Dominum
1884 2407 1935 2480 qui

1107 2494 1263 2566 requirunt
1279 2511 1354 2553 euni.
1370 2496 1429 2566 lpsi
1446 2502 1516 2551 sunt
1531 2494 1647 2566 parsuli
1661 2495 1699 2552 de
1721 2497 1833 2568 quibus
1851 2496 1934 2563 dixit,

1105 2591 1132 2640 et
1144 2585 1281 2640 revelasti
1292 2600 1325 2641 en
1334 2587 1488 2653 perpetim
1500 2586 1637 2642 timentes
1650 2591 1767 2652 enm,ot
1778 2601 1934 2660 pauperes,

1105 2672 1135 2728 id
1149 2678 1195 2728 est
1208 2673 1345 2734 humiles.
1363 2675 1413 2745 qui
1430 2689 1488 2730 non
1501 2674 1561 2729 elta
1575 2674 1705 2746 sepiunt,
1724 2674 1777 2730 sed
1788 2675 1936 2731 timentti-

1106 2777 1189 2818 more
1198 2762 1248 2817 illo
1260 2766 1352 2827 cesto,
1365 2778 1425 2818 nou
1439 2780 1500 2836 quo
1515 2779 1601 2834 paena
1611 2763 1799 2831 formidatur,
1814 2763 1867 2821 sed
1876 2779 1936 2837 quo

1106 2850 1202 2920 gratie
1217 2856 1411 2908 conservatur
1426 2853 1447 2906 ¹.

1141 2944 1184 2995 ιι.
1196 2940 1272 2996 Vota
1282 2955 1352 2996 vero
1362 2956 1417 2996 sna
1429 2940 1608 2996 sacrificinm
1621 2941 1683 2996 vult
1694 2940 1819 3010 intelligi
1832 2958 1936 3015 corpo·

1105 3027 1145 3083 ris
1158 3028 1214 3093 sui,
1230 3028 1313 3101 quod
1329 3027 1514 3085 estddelium
1527 3031 1765 3087 Sacramentum.
1777 3030 1851 3087 ldeo
1866 3047 1934 3088 cum

1105 3116 1237 3184 dixisset,
1260 3117 1333 3173 Vota
1347 3132 1413 3174 mea
1425 3118 1545 3175 recidam
1560 3135 1660 3176 coram
1672 3119 1934 3191 timenutensium

1105 3206 1247 3262 continuo
1259 3206 1422 3278 subjunxit,
1434 3207 1530 3265 Ederet
1543 3222 1700 3278 pauperes,
1713 3213 1740 3265 et
1753 3210 1937 3267 saturabun-

1106 3299 1165 3350 tur.
1181 3294 1239 3364 ipsi
1253 3294 1334 3352 enim
1348 3296 1565 3351 saturabuntur
1578 3297 1711 3370 panequi
1727 3297 1765 3352 de
1781 3297 1863 3357 coelo
1873 3299 1937 3354 des-

1105 3382 1224 3450 crendit,
1240 3383 1293 3456 qui
1307 3385 1334 3440 ei
1354 3384 1550 3450 colroerentes,
1567 3391 1596 3441 et
1610 3387 1674 3457 ejus
1685 3402 1793 3458 pacem
1805 3386 1936 3444 dilectio·

1106 3486 1233 3545 nemque
1245 3476 1398 3528 servantes
1410 3472 1842 3545 imitanturejusbumilitatem
1853 3491 1860 3530 :
1871 3476 1936 3534 ideo

1103 3575 1261 3630 pauperes.
1279 3562 1311 3617 ln
1322 3561 1378 3618 bac
1388 3567 1564 3635 paupertate
1577 3568 1603 3617 et
1616 3564 1772 3620 saturitate
1784 3566 1935 3639 perscipue

1105 3650 1237 3721 Apostoli
1256 3651 1434 3707 claruerunt.
1455 3652 1493 3706 Et
1517 3652 1687 3710 laudabunt
1707 3654 1878 3721 Douaiwm,
1895 3656 1936 3712 in·

1105 3737 1180 3810 quit,
1200 3737 1252 3810 qui
1265 3740 1421 3811 requirunt
1434 3755 1499 3796 eum
1519 3740 1748 3810 :intelligentes
1770 3757 1832 3798 uon
1852 3740 1936 3797 meri·

1107 3831 1203 3882 torum
1215 3842 1350 3894 suorum,
1362 3828 1412 3884 sed
1423 3828 1500 3884 illius
1515 3845 1581 3884 esse
1596 3830 1698 3899 gratim
1713 3830 1798 3902 quod
1809 3828 1934 3887 saturati

1106 3919 1185 3972 ειιιιι.
1202 3916 1367 3988 Requirunt
1381 3917 1461 3972 enim
1485 3934 1566 3985 ειιιιι,
1583 3920 1654 3990 quia
1673 3935 1733 3974 non
1754 3923 1828 3976 sunt
1842 3936 1878 3975 ex
1895 3919 1936 3974 eis

1106 4002 1158 4075 qui
1170 4020 1225 4060 sua
1235 4011 1382 4077 querunt,
1397 4022 1457 4062 non
1476 4022 1544 4079 quse
1554 4009 1621 4063 ιεειι
1636 4007 1899 4079 curiatuetuti'pp.
1907 4024 1934 4074 ιι,

1106 4092 1162 4164 ct).
1175 4093 1306 4165 lienique
1317 4099 1345 4150 et
1357 4096 1381 4149 si
1394 4110 1579 4151 corneorum
1592 4097 1722 4169 quicum
1733 4095 1874 4165 laudant,
1887 4113 1936 4170 pa·

1107 4181 1177 4236 titur
1190 4182 1384 4254 temporalem
1400 4183 1620 4241 tribulationem
1631 4186 1674 4241 vel
1685 4192 1822 4250 mortem,
1838 4187 1935 4246 meent

1108 4271 1307 4326 sardaeorum
1318 4271 1614 4331 insecutumsaeculi.
1628 4275 1935 4333 Haciitacordisnon

1109 4360 1191 4415 estin
1206 4359 1345 4415 sensibus
1353 4362 1486 4432 corporis
1491 4381 1499 4433 ;
1513 4369 1627 4418 secreta
1638 4369 1682 4419 est
1693 4364 1723 4418 in
1734 4363 1800 4420 lnce
1814 4366 1938 4437 quasin·

1109 4454 1154 4503 tus
1167 4451 1223 4513 est,
1240 4464 1300 4504 non
1311 4449 1341 4504 in
1350 4450 1477 4505 tenebris
1492 4467 1560 4523 quae
1570 4451 1641 4507 loris
1653 4451 1775 4517 sunt;in
1788 4453 1851 4509 fine
1862 4470 1936 4527 prm·

1107 4537 1937 4614 ceptinonininitiopeccati.Finisautemproecepticba·

1107 4625 1181 4680 ritas
1191 4631 1235 4680 est
1250 4625 1287 4681 de
1300 4625 1390 4681 corde
1402 4642 1487 4698 puro,
1504 4635 1532 4683 et
1542 4629 1726 4685 conscientia
1735 4629 1828 4697 bona,
1839 4638 1868 4688 et
1877 4632 1936 4688 ilde

1107 4728 1167 4767 nou
1182 4713 1249 4768 licta
1260 4714 1282 4784 (ι
1292 4713 1363 4769 Tim.
1374 4731 1393 4779 ι,
1406 4715 1432 4779 b,
1444 4731 1450 4770 :
1464 4716 1596 4773 charitas
1611 4734 1677 4789 quie
1692 4733 1752 4774 non
1762 4720 1934 4787 remittatur,

1107 4817 1167 4857 non
1184 4800 1305 4858 inflatur
1319 4802 1341 4873 (l
1359 4803 1426 4860 Car.
1443 4820 1502 4871 vrri,
1519 4805 1556 4877 t),
1574 4807 1719 4878 quianon
1736 4808 1831 4863 altuni
1845 4810 1934 4883 sapit,

1106 4892 1157 4945 sed
1167 4892 1262 4958 timet3
1274 4893 1375 4948 etideo
1389 4894 1728 4964 colioerettiniorecestc,
1738 4906 1936 4969 permanente

1107 4979 1135 5035 iu
1160 4981 1303 5037 saeculum
1327 4980 1438 5037 saeculi.
1456 4984 1573 5040 initium
1587 4989 1688 5041 autem
1704 4987 1803 5042 omnis
1813 4990 1935 5060 peccati

1107 5069 1258 5141 superbia,
1276 5086 1337 5142 qua
1349 5071 1486 5127 diabolus
1499 5073 1732 5131 irrevocabiliter
1744 5076 1776 5131 in
1787 5078 1936 5135 exteriore

1105 5173 1284 5230 progressus
1302 5165 1357 5229 est,
1382 5161 1597 5234 hominemque
1622 5164 1796 5226 inridendo,
1811 5172 1842 5222 st
1858 5166 1885 5222 ei
1899 5168 1937 5224 si·

1105 5248 1176 5304 mile
1191 5248 1304 5321 aliquid
1319 5250 1476 5306 stradendo
1491 5251 1607 5323 dejecit.
1620 5253 1672 5309 Cui
1683 5253 1799 5311 bomini
1814 5254 1847 5311 in
1861 5272 1936 5330 que·

1104 5338 1175 5394 dam
1194 5340 1339 5410 scripture
1361 5339 1478 5396 dicitnr.
1492 5342 1548 5409 Qut
1560 5342 1692 5411 superbit
1707 5349 1791 5400 terra
1804 5348 1834 5401 et
1844 5346 1937 5402 sinist

1105 5427 1249 5495 Quoniam
1271 5429 1302 5484 in
1326 5432 1386 5484 etta
1407 5444 1461 5486 sua
1483 5431 1608 5501 projecit
1621 5432 1726 5489 intima
1744 5448 1801 5491 suc
1824 5434 1934 5507 (ticeli.

1103 5516 1303 5588 x‚t5‚tt,10).ln
1311 5517 1766 5594 rritasun,dictnmest,tanquam
1775 5522 1936 5598 inproprie

1134 5677 1140 5709 ¹
1155 5675 1208 5726 ltnd
1224 5677 1283 5726 Αιιι.
1296 5677 1349 5735 ιιι..
1364 5680 1565 5730 commendatur.
