3952 6128
223 198 278 257 989
862 188 894 252 S.
914 189 1104 252 industrii
1122 188 1289 253 remcort
1874 192 1927 259 Μ

467 318 808 393 ammoniacam).
1106 317 1938 394 luissecomminutumquodtniliosapprebensosius·

225 407 1053 485 Augustinusliuteitiotntunoetnutmiufimperiulium·
1106 422 1156 466 ras
1171 409 1337 475 ooeisurus,
1350 406 1614 479 nonintetligentes
1629 408 1670 467 de
1681 408 1736 468 iiie
1751 426 1939 487 nouaque·

261 498 631 574 quejrssriorsamaduersus
639 501 812 556 Donatistae
823 497 1053 556 datarumeese·
1105 496 1165 570 ipsi
1179 496 1284 555 volunt
1298 497 1443 568 ingerere,
1463 501 1492 554 te
1512 495 1659 557 loentum.
1681 500 1751 557 iton
1767 500 1852 559 enim
1867 505 1938 563 tuis

260 588 368 654 autori,
383 601 422 645 ex
434 587 487 645 lib.
500 590 518 642 ι
531 588 675 657 Retract,
690 603 716 645 e.
735 590 780 654 59,
796 587 969 658 significuus
987 602 1007 644 a
1023 603 1053 645 se
1106 601 1158 643 eos
1170 587 1219 658 jus
1238 585 1331 659 gladii
1351 585 1419 643 ullis
1436 585 1554 659 tegibus
1568 587 1724 661 aoeepisti,
1738 590 1937 665 autimperis·

253 680 319 752 ianr
335 676 453 735 abunde
462 676 650 747 satisfactum
660 677 755 747 subse
773 676 901 748 querelis
914 677 1053 735 Donatis-
1105 674 1186 733 libus
1200 675 1376 741 eonstitutis,
1387 691 1519 750 quorum
1537 676 1589 734 tibi
1603 676 1747 750 inlunem
1760 683 1937 741 estensem·

260 774 361 825 tarum
373 788 383 837 ,·
396 771 423 823 et
444 765 601 823 ostendens
624 780 725 823 eorum
747 765 910 836 vesaniam,
926 767 979 838 qui
998 764 1052 823 riti
1105 765 1156 835 tio,
1172 763 1229 822 boo
1244 769 1428 838 praereptum
1439 770 1527 823 estut
1541 771 1698 825 neoentur.
1710 768 1858 827 seeundo
1872 786 1937 833 sens

258 856 440 915 aecemuitro
454 854 681 911 consess-eoam.
1104 852 1203 911 edioto
1216 852 1388 911 Dileotionis
1407 857 1466 911 tues
1478 853 1599 927 planius
1611 855 1689 928 quid
1710 856 1852 915 volueris
1867 874 1934 933 aps-

225 946 352 1005 Domino
366 943 487 1009 eximio,
498 948 526 1001 et
538 941 708 1000 honorabili
720 940 781 999 lilio
796 942 936 1005 Duronio,
946 943 1052 1001 Ausus·
1105 942 1200 1001 ruisti.
1216 940 1302 1009 Quod
1319 947 1421 1001 eutem
1435 941 1526 1001 etiarn
1539 942 1644 1016 ipsum
1656 945 1846 1020 episoopum
1855 950 1935 1021 (tsi'd-

416 1048 520 1104 srrnus,
536 1031 663 1089 salutem
678 1032 708 1088 in
721 1030 858 1088 Domino.
1103 1030 1204 1089 lorum
1218 1032 1328 1105 putasti
1341 1029 1445 1088 litteris
1456 1030 1676 1105 alloquendum
1689 1033 1932 1107 nummisma

260 1119 1051 1195 i.Nondebuirontemnerepetiiionemtuam,quade-
1104 1119 1261 1179 ostendisti
1274 1124 1388 1193 quauta
1406 1120 1639 1181 mansuetudine
1660 1124 1831 1197 temperati
1843 1125 1932 1187 sintin

224 1213 451 1271 siderastiame
464 1210 577 1266 institui
590 1209 850 1283 quemadmodum
870 1213 898 1266 te
913 1217 1051 1283 oporteat
1104 1208 1252 1273 remotior
1269 1208 1401 1267 Eoolesia
1425 1209 1583 1284 etiamqui
1610 1217 1767 1284 potestate
1788 1213 1930 1277 οιιήιιιιιΐ

222 1301 369 1361 haereticis
381 1300 574 1372 respondere,
590 1300 810 1372 quorumsaius
824 1298 983 1357 initamini
998 1300 1051 1356 mi·
1104 1297 1377 1371 imperatoris,eive
1389 1298 1606 1367 terrendo,eive
1615 1300 1932 1377 pleotendueorvign·

220 1390 392 1455 sericordia,
405 1387 677 1462 instantiaquoque
690 1391 750 1445 tum
762 1388 944 1445 strenuitatis
953 1387 1050 1462 inqui·
1102 1387 1149 1445 dis
1167 1387 1371 1462 praefiniuntur
1382 1387 1534 1447 erroribus
1547 1390 1620 1457 ;nisi
1636 1391 1724 1464 quod
1740 1390 1931 1455 bonumne

219 1482 304 1539 ritur.
320 1479 465 1546 Quemvis
478 1478 559 1534 enim
574 1479 709 1547 ingentes
723 1491 827 1533 eorum
843 1476 1049 1534 multitudines
1103 1476 1229 1535 tioribus
1247 1491 1319 1535 eum
1339 1476 1440 1536 verbis
1463 1479 1597 1537 beotuti
1612 1494 1715 1553 quem
1736 1480 1930 1543 uersutis·

219 1571 312 1643 (unde
332 1567 497 1641 plurimum
514 1564 809 1639 gratulamuri,quid
838 1564 893 1621 sibi
908 1565 1048 1623 beneficii
1100 1565 1235 1623 relicum.

220 1657 390 1716 oouieratur
402 1655 569 1725 intelligant
583 1669 591 1723 ;
613 1653 738 1727 quidam
752 1658 852 1711 tamen
868 1668 972 1711 eorum
988 1656 1047 1713 Deo
1136 1657 1164 1713 i.
1181 1654 1241 1713 Sed
1254 1654 1337 1727 quod
1350 1654 1415 1726 ejus
1425 1655 1673 1729 responsiunime
1685 1660 1928 1733 responderene

219 1754 248 1805 et
262 1745 438 1804 bominibus
450 1742 613 1800 miserabili
628 1744 769 1800 instinctu
791 1742 899 1800 luroris
925 1742 1045 1815 ingrati,
1099 1743 1190 1811 luisti,
1201 1744 1292 1801 eredo
1305 1750 1333 1802 te
1345 1743 1522 1803 arbitratum
1533 1745 1624 1804 etiem
1632 1746 1928 1823 booTbnmugedsa·

219 1836 270 1893 ubi
291 1836 355 1891 suis
377 1833 511 1891 oedibus
535 1847 592 1889 nos
615 1837 734 1889 vastare
748 1845 811 1888 non
826 1836 962 1904 pessunt,
989 1849 1046 1892 suo
1099 1832 1184 1890 sibus
1199 1832 1309 1890 debere
1324 1833 1468 1905 prestari,
1489 1836 1523 1890 ut
1540 1832 1633 1892 laliax
1649 1835 1925 1913 doetrinaipn'nss

217 1940 272 1982 nos
287 1923 378 1980 exitio
400 1928 507 1981 terrere
533 1937 564 1977 se
588 1919 724 1988 eredunt,
742 1935 782 1977 au
801 1919 934 1978 laetitiam
957 1938 1045 1980 suam
1099 1920 1754 1996 quossduoebantur,atiqusnrodiligentius
1768 1927 1924 1993 reiellstm

216 2017 384 2087 quarentes
403 2010 441 2067 de
453 2008 601 2067 mortibus
615 2008 736 2079 nostris,
749 2011 803 2066 aut
815 2009 965 2067 tristitiam
977 2025 1046 2067 nos·
1098 2024 1204 2069 verum
1219 2025 1276 2069 nos
1289 2016 1319 2069 et
1336 2010 1558 2083 ooeupntissimi
1571 2028 1694 2083 sumus,
1708 2020 1744 2073 et
1751 2016 1864 2088 jamin
1873 2019 1925 2079 eliis

215 2106 293 2160 tram
308 2102 342 2157 de
355 2099 504 2157 mortibus
515 2099 588 2155 suis.
606 2097 662 2155 Sed
686 2112 749 2155 nun
771 2097 861 2154 debet
885 2102 927 2156 tot
945 2103 1047 2157 tanto-
1098 2099 1235 2173 plurimis
1249 2099 1405 2173 opuseulis
1423 2099 1532 2159 nostris
1549 2100 1736 2173 huiusmodi
1766 2106 1924 2183 vaniloquia

214 2206 344 2264 rumque
359 2188 542 2264 populorum
557 2186 684 2244 salutem
700 2186 831 2244 luriosus
853 2202 937 2245 error
948 2188 1044 2248 bomi-
1097 2187 1305 2247 refutavimus.
1319 2190 1387 2247 iam
1399 2190 1480 2247 enim
1495 2190 1597 2249 neseio
1613 2191 1743 2265 quoties
1752 2193 1923 2271 disputanda

214 2297 289 2339 num
306 2277 453 2353 impedire
472 2290 651 2351 paucorum.
672 2275 748 2342 Quid
767 2275 811 2333 eis
836 2276 962 2334 velimus
981 2292 1043 2336 non
1098 2281 1128 2335 et
1140 2278 1297 2337 seribendo
1312 2279 1544 2338 monstravimus
1561 2294 1624 2339 uon
1646 2295 1702 2341 eos
1715 2296 1817 2356 posse
1828 2284 1922 2349 brbssr

213 2368 314 2426 solum
338 2370 417 2425 Deus
440 2371 469 2423 et
492 2367 654 2438 prudentes
676 2363 825 2436 homiues,
839 2369 1043 2427 verumetiam
1099 2372 1266 2440 martyrum
1275 2368 1730 2441 mortem,quiaehristianorum
1745 2374 1924 2435 nonlssbssr

214 2458 284 2532 ipsi,
299 2472 370 2513 oum
386 2455 446 2513 sini
464 2455 554 2511 nobis
573 2453 786 2520 inimicissimi,
803 2455 945 2513 sentiunt.
969 2457 1043 2515 Cum
1098 2455 1194 2513 vitam
1206 2473 1215 2524 3
1225 2472 1294 2514 oum
1307 2457 1756 2532 martyremnonlaoietpsrna,
1772 2464 1921 2523 sedeam

217 2542 866 2618 enimsuapernioienosterrendosputnnt,
880 2545 1045 2602 nondubi·
1097 2544 1260 2603 Dueuimus
1286 2545 1378 2604 etiam
1402 2544 1532 2604 liberum
1559 2547 1723 2607 arbitrium
1749 2551 1798 2609 sio
1819 2554 1922 2613 bomiri

222 2638 286 2692 tant
298 2650 355 2690 nos
370 2634 473 2690 timere
488 2648 526 2689 ne
541 2636 676 2706 pereant.
1097 2634 1214 2700 datum,
1230 2639 1372 2693 uttemeu
1386 2634 1529 2693 eidirinis
1542 2635 1701 2708 legibusei
1712 2638 1865 2701 humenis
1874 2658 1923 2701 ese·

254 2728 281 2780 2.
298 2722 435 2796 sedquid
447 2721 605 2790 iaciamus,
615 2721 748 2778 ridentes
762 2722 842 2797 quod
855 2721 1044 2795 multi,ndju·
1098 2723 1211 2782 tissime
1226 2725 1366 2795 gravium
1379 2723 1527 2797 supplioie
1540 2725 1711 2787 eonstituie
1724 2728 1793 2788 sint
1803 2736 1924 2807 peonio

220 2816 310 2870 vante
323 2810 943 2884 Domino,peroeeasionemvestramviam
958 2812 1042 2886 pacis
1097 2828 1166 2869 rum
1187 2818 1238 2880 ;et
1251 2813 1398 2886 pertinere
1412 2811 1453 2870 ed
1470 2812 1626 2886 religiesoe
1645 2830 1741 2887 reges
1757 2824 1856 2893 iem,
1873 2836 1924 2881 nes

218 2900 399 2959 inveniant?
413 2899 562 2973 numquid
581 2899 741 2974 prohibere
756 2915 809 2958 vos
821 2917 983 2974 possumus
996 2900 1045 2959 vel
1098 2900 1195 2958 solum
1213 2901 1359 2959 adulteria
1373 2901 1421 2959 vei
1434 2902 1597 2962 bomioidie
1610 2903 1660 2961 vel
1674 2904 1862 2979 hujusmodi
1874 2910 1925 2969 uis

217 2990 365 3048 debemus
380 2989 419 3047 ab
436 2988 493 3046 heu
504 2989 626 3046 unitatis
636 2989 786 3058 instantia,
798 2990 871 3047 dum
880 2991 1044 3048 metuimus
1097 2989 1213 3061 liagitie
1231 3006 1285 3049 seu
1299 2991 1443 3057 leeinore,
1458 3007 1561 3050 rerum
1575 2993 1666 3051 etism
1677 2997 1847 3071 saerilegie
1857 3014 1925 3059 sere·
1966 3012 1968 3023 ·

218 3096 255 3138 ne
271 3080 395 3153 quidam
411 3078 574 3143 durissimi,
591 3084 619 3135 ei
640 3078 672 3135 in
694 3080 812 3152 seipsos
831 3079 1042 3149 erudelissimi,
1098 3080 1184 3137 ritate
1200 3094 1337 3152 oongnm
1345 3080 1485 3139 eobibere
1498 3079 1561 3154 (b):
1577 3081 1782 3160 multumque
1794 3087 1864 3149 ilios
1875 3088 1923 3149 mi

217 3176 402 3238 nonnosus,
423 3168 477 3225 sed
488 3168 610 3242 propria
623 3166 951 3241 voluntateseperdent
962 3169 1044 3243 iop-
1098 3169 1151 3242 qui
1165 3173 1272 3242 pulani
1291 3184 1312 3228 a
1330 3168 1417 3227 nobis
1427 3168 1503 3227 tales
1515 3171 1589 3229 istus
1600 3174 1734 3247 suseipi,
1746 3176 1924 3251 qmbseut

218 3261 351 3315 latemus
364 3256 487 3331 quidem
495 3261 527 3312 ut
536 3254 701 3329 omnesqui
713 3255 1045 3331 eontraCbrisiumpor·
1097 3259 1245 3330 quianon
1259 3275 1312 3316 eos
1330 3259 1561 3332 rebaptizamus.
1581 3260 1754 3328 Quomodo
1768 3268 1853 3327 eninr
1864 3268 1924 3329 tab

217 3351 281 3405 iant
292 3348 411 3419 signum
430 3344 546 3412 Christi,
559 3348 588 3400 et
601 3350 705 3401 eontra
718 3345 909 3416 Evangeiium
925 3345 962 3402 de
976 3347 1043 3420 ipso
1097 3347 1498 3421 suseipiunturqualessunt,
1507 3364 1574 3409 eum
1585 3351 1924 3425 siuthmretioi,etadaos

217 3436 388 3508 Evangelio,
403 3432 486 3508 quod
502 3448 562 3490 non
578 3431 755 3505 intelligunt,
771 3431 974 3505 gloriantur,n
988 3450 1044 3492 sua
1099 3438 1285 3496 transeundo
1298 3437 1521 3498 tientoatbuliei
1534 3439 1549 3497 i
1562 3442 1764 3515 Nequeenisn
1780 3454 1924 3523 propin

143 3512 147 3521 ’
218 3524 410 3598 perversitate
420 3521 1044 3594 discederent,etnobisouminejusunitate
1097 3526 1191 3584 eorde
1208 3525 1923 3606 depravatanonlinetoerrigi,quiasam

218 3613 393 3685 gauderent.
406 3612 462 3669 Sed
472 3610 619 3685 quoniam
629 3610 829 3670 lieusooouita
840 3612 1044 3685 satisdieposi·
1096 3615 1190 3673 semel
1204 3614 1276 3673 date
1288 3630 1347 3673 non
1361 3616 1429 3675 lieet
1443 3616 1554 3677 iterari.

217 3704 308 3768 tione,
322 3702 374 3758 sed
394 3706 495 3758 tamen
512 3701 604 3772 iusta,
629 3700 792 3758 nonnullos
818 3716 923 3759 eorum
947 3702 1044 3775 poenis
1133 3709 1159 3762 t.
1177 3708 1217 3764 [te
1231 3705 1377 3763 mortibus
1390 3706 1922 3793 suunturiosissimisqussqurdu

215 3791 438 3867 predestinavit
449 3791 590 3847 extremis
610 3806 618 3857 ;
635 3790 739 3864 prooul
758 3789 853 3848 dubio
868 3791 987 3859 melius,
998 3792 1046 3849 in·
1096 3808 1201 3853 eorum
1216 3794 1344 3868 ipsisibi
1358 3794 1498 3863 inierunt,
1512 3796 1678 3872 dequibus
1691 3801 1923 3865 sotenrdstess

216 3879 637 3956 comparabilinumerositate
647 3878 830 3951 piurimiseb
842 3879 892 3937 illa
904 3880 1045 3955 pestilera
1096 3882 1172 3941 biles
1190 3890 1218 3941 et
1231 3884 1452 3943 abominabiles
1462 3899 1528 3944 esse
1537 3886 1641 3945 multis
1655 3889 1757 3951 etiem
1772 3896 1849 3963 suis,
1862 3908 1923 3971 qur

215 3972 362 4027 divisione
375 3975 404 4026 ei
416 3968 603 4041 dispersione
612 3967 820 4040 redintegratis
834 3973 924 4043 atque
941 3969 1045 4028 ooileo·
1096 3988 1164 4030 rum
1180 3979 1294 4031 mentes
1306 3973 1456 4033 dementia
1474 3990 1537 4034 non
1555 3980 1641 4036 tenta
1655 3982 1814 4053 possedit,
1830 3987 1874 4044 ai.
1887 4000 1922 4043 n·

216 4059 266 4131 tis,
277 4057 402 4131 quidam
414 4057 476 4112 suis
485 4055 606 4128 ignibus
614 4064 749 4129 pereunt,
757 4073 850 4132 quam
858 4060 968 4132 pariter
978 4062 1044 4116 uni·
1097 4062 1232 4120 eundum
1245 4063 1413 4133 seripturas
1423 4063 1614 4140 rationesque
1621 4066 1923 4133 Christianum-n·

216 4146 294 4203 versi
307 4144 495 4218 sempiternis
512 4143 633 4213 ignibus
648 4144 855 4215 gehennarum
875 4147 980 4205 merito
998 4165 1045 4206 sa·
1097 4166 1135 4225 pe
1148 4152 1360 4225 respondimus
1377 4153 1524 4226 quoniam
1547 4155 1696 4229 seriptum
1709 4165 1763 4219 est
1782 4178 1793 4221 ι
1813 4162 1923 4233 orsis&

215 4234 333 4307 erilegm
345 4231 539 4290 dissensionis
555 4232 714 4292 ardebunt.
730 4234 777 4291 Sie
791 4235 870 4291 euim
884 4242 1043 4308 pereuntes
1095 4254 1233 4313 nequem,
1249 4243 1299 4297 ersi
1320 4240 1414 4299 bonus
1430 4242 1539 4314 (Ereti.
1557 4258 1620 4311 ιιι,
1640 4244 1672 4318 li)
1684 4244 1699 4302 i
1710 4249 1778 4309 Aut
1800 4256 1880 4311 esrte
1896 4252 1922 4311 ie

214 4326 285 4382 istos
299 4322 524 4389 doletiieolesia,
534 4322 1042 4396 quemadmodumrebeliemfiiium
1094 4329 1207 4387 eisdem
1223 4330 1356 4403 positum
1366 4331 1580 4391 teatetionibus
1587 4334 1667 4393 mori
1682 4336 1845 4401 volentem
1856 4342 1923 4401 aad·

216 4420 340 4471 sanotus
359 4411 464 4479 David,
478 4413 516 4469 de
531 4411 618 4482 ouius
643 4411 738 4470 salute
753 4413 900 4470 servanda
917 4414 1042 4474 sollicita
1093 4418 1147 4476 dat
1165 4425 1194 4476 et
1202 4419 1386 4493 proximum,
1400 4419 1455 4493 qui
1468 4420 1526 4479 sibi
1539 4422 1684 4496 expedire
1695 4432 1729 4485 et
1740 4426 1838 4489 tieem
1849 4435 1923 4506 punt

212 4503 371 4560 dilectione
384 4502 588 4558 mandaverat.
606 4500 681 4557 Nam
700 4517 770 4558 eum
783 4502 890 4559 merito
903 4504 1040 4562 nelandae
1093 4507 1230 4566 oooidere
1242 4509 1385 4582 seipsum,
1397 4509 1543 4583 quonism
1549 4511 1705 4585 Scriptura
1712 4516 1796 4578 dieit
1809 4520 1922 4595 :dilue

211 4590 372 4665 impietatis
384 4591 574 4657 exstinctum,
585 4592 675 4648 eiiam
686 4606 755 4648 eum
768 4591 936 4650 testimonio
945 4592 1041 4667 laorg·
1091 4598 1260 4668 mammem
1275 4601 1359 4655 issum
1378 4604 1523 4671 tanquam
1537 4603 1664 4671 reipsam
1677 4604 1798 4676 (denir.
1814 4612 1921 4685 111,st

212 4694 305 4738 messe
324 4678 557 4751 vnoisingemuit
572 4695 579 4735 r
592 4686 787 4737 verumtatem
800 4682 965 4753 superboet
976 4698 1040 4740 me·
1091 4692 1120 4744 et
1135 4686 1231 4744 llere.
1245 4702 1296 4754 ιιι,
1311 4686 1370 4759 ιι).
1381 4687 1473 4746 ltulb's
1487 4694 1588 4749 autem
1600 4690 1793 4764 iubentibus
1812 4699 1921 4775 legib·

210 4767 293 4840 ligno
305 4767 477 4825 discedente
490 4768 521 4824 in
534 4767 633 4825 looum
645 4784 746 4835 suum,
760 4770 891 4841 populus
903 4770 966 4841 liei,
985 4771 1039 4844 qui
1091 4775 1137 4833 vel
1149 4774 1290 4848 legitimis
1305 4778 1513 4850 potestatibus,
1528 4794 1589 4837 non
1603 4779 1696 4840 liuere
1707 4784 1842 4849 alterum
1853 4790 1921 4849 oasi-

211 4856 1037 4932 lueratilliustyrannidedivisus,agnovitregemsuumr
1090 4863 1920 4953 dere,etinmrolentemetpetentem,etsivereJenrnoe

212 4954 241 5005 et
254 4949 293 5004 de
307 4946 422 5005 amisso
434 4944 496 5002 filio
511 4961 672 5003 moerorem
686 4947 791 5020 petris,
812 4947 953 5021 perlentio
967 4964 1038 5007 uon·
1089 4954 1251 5026 valentem,
1265 4956 1339 5013 eatis
1361 4957 1475 5014 indieat
1493 4960 1645 5033 Soripturs
1669 4963 1863 5039 {laganam
1874 4968 1919 5027 nil

212 5036 309 5096 solata
329 5041 374 5094 est
388 5035 509 5093 unitatis
523 5034 559 5107 (il
580 5036 650 5106 Reg.
665 5050 747 5103 xvru,
768 5037 840 5109 ιιι).
1087 5058 1138 5102 rer
1153 5042 1248 5102 David
1266 5045 1346 5119 regis
1364 5042 1463 5104 Saulis
1476 5046 1699 5109 interlueturem
1709 5050 1808 5127 ersit
1820 5058 1917 5125 nanim,

243 5132 270 5184 3.
290 5123 735 5199 Nonitaquereprebendimus,
752 5124 1037 5186 domineeximieet
1088 5131 1916 5223 oumiitedixissetebeojemsaueioatquesemivirope·

207 5215 393 5273 honorabilis
409 5213 461 5286 lili,
481 5211 565 5286 quod
580 5212 652 5270 talea
661 5212 800 5271 homines
808 5215 891 5288 apud
905 5216 1035 5275 Thamu-
1087 5221 1175 5279 titum
1188 5237 1220 5279 se
1232 5220 1324 5281 luisse
1338 5227 1372 5280 ut
1384 5223 1442 5281 boo
1455 5222 1573 5294 iaemei,
1588 5230 1619 5285 et
1631 5229 1778 5293 enimam
1790 5236 1916 5312 eorporb

205 5305 315 5376 gadem
335 5305 415 5377 prius
434 5304 532 5360 adiero
542 5303 753 5360 admonendos
765 5304 940 5362 existimasti
957 5323 964 5362 :
980 5306 1034 5365 sed
1086 5310 1214 5368 nexibus
1227 5310 1433 5371 obiuotantem
1445 5312 1580 5389 solvique
1589 5316 1771 5391 oupientenr
1787 5340 1850 5385 nna
1863 5324 1914 5385 retr

204 5394 287 5466 quod
302 5393 344 5450 ibi
357 5392 467 5462 dixisti,
481 5392 629 5451 Noverits's
649 5392 813 5451 sordebus
826 5394 892 5452 neci
905 5394 1031 5465 dendus,
1086 5398 1219 5456 vulneris
1243 5401 1283 5458 ab
1301 5399 1359 5458 iliis
1382 5402 1563 5461 oruoietibus
1589 5403 1735 5467 liberarer
1750 5412 1790 5487 (ΙΙ
1809 5416 1912 5491 lieet,

205 5485 387 5553 putaverunt
401 5482 477 5538 siout
491 5496 594 5539 eorum
609 5480 754 5555 reseripta
772 5483 915 5551 iudicant,
934 5484 1032 5544 boote
1087 5488 1171 5560 ι-ιι).
1188 5488 1314 5547 Proinde
1327 5488 1402 5564 quia
1422 5490 1522 5551 omnis
1535 5492 1589 5567 qul
1605 5494 1674 5555 sins
1697 5498 1763 5561 ulle
1777 5500 1910 5579 iegirinn

233 5584 469 5697 *Comenial'uxta
484 5586 514 5641 u.
524 5602 564 5642 vo.
583 5602 609 5639 v.
625 5590 684 5640 Am.
700 5589 763 5642 aad.
782 5590 824 5641 Er.
837 5590 904 5643 ιον.

216 5648 271 5722 to)
285 5647 355 5698 eliae
370 5650 385 5697 ι
414 5664 495 5714 :qum
510 5656 602 5739 eutem
617 5654 663 5704 iul
678 5657 744 5713 erat,
755 5667 827 5707 nuno
844 5655 903 5713 ite.
921 5654 1028 5725 Scripta
1113 5658 1153 5789 {ot
1163 5656 1344 5710 Gaudentium
1359 5658 1623 5729 Thamugadeneem.

199 5712 305 5767 aratu
322 5711 374 5763 huo
390 5719 514 5780 tempus.
1125 5720 1141 5771 ir
1164 5720 1196 5774 in
1211 5721 1297 5791 aptat.
1311 5722 1370 5777 lid.
