3952 6128
192 192 245 255 titt
832 184 864 250 S.
883 184 1078 250 tuuustmt
1095 184 1257 251 EPISCOPl
1843 190 1899 258 848

183 321 299 391 ‘iecisti
317 326 346 381 et
366 320 404 380 do
417 317 546 378 diversis
563 334 616 377 cos
636 316 785 375 mortibus
807 316 952 374 liberasti.
970 319 1023 374 Pro
1079 319 1474 390 ligoautemsumchristus,
1485 317 1906 395 iuquoomnesririficantum

194 411 253 470 alio
268 412 430 484 subjecisti,
444 427 482 467 ne
493 410 638 475 feriretur.
653 406 774 464 arietem
787 406 871 477 (Gen.
887 407 1021 479 xxu,l3).
1079 423 1139 465 non
1150 408 1256 482 Adam,
1266 410 1296 465 in
1304 425 1364 483 quo
1372 425 1478 467 omnes
1489 408 1658 467 moriuntur
1666 411 1687 485 (ι
1699 411 1770 469 Cor.
1785 429 1832 480 xv,
1849 413 1907 486 ιι).

195 501 290 559 Alium
306 502 343 557 de
362 500 519 573 putredine
535 515 653 568 sanum,
666 503 695 553 et
713 496 740 553 ei
755 495 849 569 dupla
863 512 931 569 quae
947 496 1021 551 ami·
1113 501 1159 555 22.
1171 504 1211 555 ec
1221 514 1274 572 per
1287 499 1354 566 boc,
1366 497 1624 564 homiues,diseite
1637 500 1824 572 pergratiam
1831 503 1908 559 Novi

194 596 273 648 serat
289 588 444 647 reddidisti
463 590 537 662 (iob.
557 604 622 658 xur,
642 591 694 653 lot.
710 587 807 642 Alium
827 586 902 642 inter
920 584 1023 642 leones
1077 587 1257 643 Testamenti
1266 587 1331 659 jam
1348 589 1439 645 vitam
1453 588 1666 659 concupiscere
1678 589 1906 663 sempiternam.

193 679 356 737 esurientes
364 677 492 736 illaesum
501 679 711 750 integrumque
724 675 849 732 serrasti
860 674 951 747 (Dan.
960 689 1022 743 xiv,
1079 674 1155 741 Quid
1170 691 1225 748 pro
1236 692 1347 750 magno
1367 677 1408 733 ite
1425 692 1478 734 vos
1490 676 1579 733 vultis
1593 693 1612 734 a
1624 679 1750 735 Domino
1761 679 1799 735 de
1809 685 1908 738 morte

192 764 1023 840 uoto).elioruminterflammasdsambutantiumgrata
1076 761 1207 832 liberari,
1227 765 1305 822 sicut
1316 765 1433 823 liberati
1456 771 1526 823 sunt
1538 771 1639 840 patres
1659 768 1760 832 rastri,
1780 769 1908 843 quando

192 872 267 916 voce
287 856 427 915 laudatus
446 872 478 912 es
501 856 557 928 (fd.
581 871 621 922 ιιι,
643 857 747 924 23-90).
769 852 838 909 Tale
858 852 972 926 aliquid
992 852 1023 908 in
1077 853 1312 913 commendabat
1323 854 1497 912 bausetiam
1505 855 1786 914 terrenateticttatis
1797 862 1909 931 praeter

193 946 309 1005 Christo
319 945 535 1020 exspectabant
544 944 609 1001 fieri
619 946 633 1001 J
638 942 813 1010 udoei,unde
823 942 986 1015 probarent
997 942 1022 998 si
1078 956 1110 998 se
1124 957 1185 998 non
1200 959 1267 1001 esse
1277 942 1371 1001 alium
1385 943 1558 1016 largitorem
1572 943 1586 1000 i
1601 944 1650 1001 illa
1663 945 1788 1003 felicitas
1804 948 1846 1004 ad
1858 962 1908 1004 ve·

191 1052 259 1094 vere
275 1036 363 1094 Titius
376 1037 426 1093 liei
441 1040 528 1093 asset.
544 1037 584 1091 lix
599 1048 704 1091 eorum
718 1048 846 1104 persona
858 1036 887 1089 et
901 1030 933 1086 in
945 1029 1022 1088 libro
1077 1033 1170 1088 terem
1184 1032 1337 1090 hominem
1353 1034 1487 1107 pertinet,
1511 1049 1580 1106 quse
1595 1039 1726 1092 vetustas
1745 1034 1784 1095 ab
1806 1035 1906 1095 Adam

192 1126 352 1200 Sapientiae
364 1126 491 1185 dieitur:
505 1124 601 1182 Morte
615 1124 786 1192 turpissime
798 1122 1023 1179 condemnemus

192 1217 280 1273 illum
292 1234 303 1273 .·
315 1215 371 1273 erit
382 1217 461 1272 enim
474 1219 623 1283 respectus
635 1214 667 1268 in
679 1211 862 1268 sermonibus
875 1210 978 1280 ipsias.
989 1211 1024 1267 Si

192 1305 269 1364 enim
292 1320 380 1363 verme
395 1305 404 1340 ¹
423 1304 475 1361 Dei
494 1303 592 1360 bitias
606 1309 657 1369 est,
673 1302 812 1372 suscipiet
828 1315 895 1357 eum
910 1305 938 1357 et
951 1298 1021 1357 tibe-

191 1395 272 1453 robit
287 1410 352 1452 eum
367 1394 404 1451 de
422 1393 559 1450 menibus
572 1390 801 1449 contrariorum.
816 1390 900 1453 Here,
915 1388 1021 1461 inquit,

191 1485 397 1556 eoqitooerunt
420 1486 446 1539 et
466 1485 643 1540 mouerunt
663 1496 675 1537 .·
694 1481 856 1538 ereoeeovit
877 1477 953 1535 enim
977 1493 1023 1537 eos

192 1573 310 1631 molitio
329 1587 430 1630 eorum
449 1569 533 1642 (Sap.
548 1587 575 1638 ιι,
594 1570 690 1642 tait).
703 1567 897 1625 Attendentes
908 1566 1021 1640 quippe

191 1665 311 1734 tempus
325 1661 435 1717 Veteris
448 1659 640 1724 Testamenti,
656 1664 686 1714 et
699 1657 780 1713 illam
794 1660 915 1729 patrum
931 1655 1021 1712 etiam

193 1748 390 1824 temporalem
404 1748 585 1818 felicitatem,
600 1747 630 1804 in
640 1762 702 1820 qua
714 1746 771 1803 illis
785 1743 956 1802 exhibenda
970 1744 1021 1801 de·

193 1843 369 1897 monstravit
386 1842 462 1894 Deus
479 1837 568 1895 etiam
589 1836 659 1893 talia
682 1835 763 1892 done
785 1850 839 1890 sua
858 1849 932 1904 esso,
957 1848 1020 1889 non

192 1928 331 1985 viderunt
335 1928 401 1998 iam
413 1942 477 1983 esse
493 1931 686 1997 tempusque
699 1923 848 1980 revelatur
858 1922 888 1978 in
903 1921 1020 1979 Christo

191 2017 275 2076 bona
299 2022 410 2074 aeterna
429 2014 548 2088 proprie
570 2017 663 2071 licum
685 2019 828 2087 prestere
846 2012 945 2084 justis,
966 2012 1019 2084 qui

192 2108 274 2165 boue
287 2105 465 2180 temporalia
475 2110 596 2178 praestat
610 2108 637 2160 et
652 2103 763 2176 impiis.

228 2189 1018 2264 CAl‘tJTvill-Tl.lieniquecumdixisset,lntespe·

191 2292 333 2344 recerunt
345 2291 447 2354 putres
459 2282 553 2339 nostri
564 2303 574 2353 ,·
586 2287 788 2352 speraverant,
800 2287 826 2337 et
842 2278 947 2337 eruisti
960 2292 1016 2335 em.

190 2375 240 2431 Act
254 2379 281 2432 te
294 2375 509 2439 clamaverunt,
525 2377 551 2429 et
566 2371 645 2429 sctm'
656 2370 733 2442 facti
746 2376 816 2426 sont
834 2391 844 2440 ,·
867 2368 900 2424 in
919 2373 947 2425 te
960 2381 1017 2438 spe·

191 2469 347 2529 reuerent,
361 2469 387 2519 et
404 2476 464 2517 non
479 2465 548 2517 sunt
572 2458 714 2530 consusi;
729 2459 794 2515 vide
820 2458 893 2530 quid
911 2456 1017 2528 adjun-

190 2554 286 2619 xerit3
301 2553 365 2623 Epo
385 2558 483 2608 autem
497 2566 561 2605 sum
575 2548 681 2605 vermis
703 2554 730 2604 et
746 2563 806 2604 non
822 2546 918 2603 bomo.
933 2542 1017 2612 Quod

190 2641 308 2699 videtur
326 2639 448 2714 quidem
471 2638 511 2695 ad
524 2636 799 2695 commendandam
819 2634 1017 2692 humilitatem

191 2729 366 2803 simpliciter
374 2728 500 2796 dictum,
514 2733 546 2784 ut
560 2743 591 2783 se
605 2727 636 2784 in
651 2725 745 2782 oeulis
760 2723 1015 2798 persequentium,

189 2818 426 2890 abjectissimum
438 2815 584 2890 quiddam
609 2820 638 2873 et
655 2814 950 2886 contemptissimum
965 2811 1018 2868 de-

190 2912 393 2967 monstraret:
421 2906 474 2964 sed
499 2922 560 2963 non
585 2909 632 2965 est
650 2902 872 2962 contemnenda
891 2902 1016 2960 altitudo

189 2999 294 3055 secreti
315 2995 563 3071 profunditasque
582 2994 727 3069 mysterii,
746 2993 910 3066 praesertim
924 2991 954 3047 in
974 2991 1016 3047 eis

188 3087 299 3153 verbis,
322 3102 390 3159 quta
405 3089 489 3143 tauto
508 3082 654 3140 salvatori
669 3083 700 3139 in
715 3081 925 3155 praedicatione
945 3096 1015 3154 pro·

188 3176 295 3249 photiae
308 3178 496 3248 coaptantur.
514 3173 613 3229 Dictus
635 3180 679 3228 est
693 3171 763 3228 binc
778 3187 882 3228 sensus
897 3170 1015 3241 elegan-

188 3266 315 3324 tissimus
328 3261 509 3337 aptioribus
525 3262 576 3334 (a),
592 3261 660 3319 ideo
675 3276 707 3317 se
717 3260 907 3318 bocnomine
918 3260 1014 3316 Chris·

186 3360 252 3412 tum
270 3352 463 3427 prenuntiari
483 3350 620 3416 voluisse,
641 3350 714 3422 quia
730 3349 841 3407 vermis
860 3349 897 3405 de
923 3364 1013 3406 carne

188 3444 253 3501 sine
263 3442 425 3501 concubitu
440 3440 582 3509 nascitur,
598 3438 674 3494 sicut
688 3436 735 3494 ille
752 3443 838 3495 natus
851 3443 896 3494 est
907 3437 945 3494 de
959 3438 1014 3494 vir·

187 3533 267 3605 gine.
287 3532 344 3589 Sed
357 3532 388 3587 in
400 3530 478 3587 libro
493 3527 622 3597 suotob,
638 3543 708 3584 cum
724 3526 761 3583 de
774 3527 915 3583 creaturis
927 3526 1014 3583 eoele·

1076 1122 1183 1193 coepit:
1198 1123 1440 1193 quoutemsnm
1451 1124 1570 1193 ommis,
1584 1131 1676 1183 etnon
1692 1124 1778 1183 bomo
1787 1143 1796 1192 ,·
1806 1126 1906 1183 Chris·

1078 1210 1344 1278 tus,nonAdam.ll
1354 1213 1444 1269 veteri
1456 1219 1571 1270 veteres
1582 1213 1690 1279 fuistis,
1706 1231 1725 1271 a
1739 1230 1817 1272 novo
1830 1217 1905 1272 novi

1077 1303 1169 1356 estote
1180 1317 1188 1353 ε
1200 1299 1239 1356 ab
1247 1301 1500 1370 Adamhomines,
1515 1317 1534 1358 a
1546 1301 1661 1358 Christo
1673 1303 1904 1361 tiliibominum.

1075 1387 1140 1444 Non
1155 1390 1236 1445 enim
1258 1389 1321 1446 siue
1344 1406 1439 1447 causa
1456 1389 1689 1448 familiarissime
1706 1391 1851 1449 Dominus
1871 1393 1904 1450 in

1076 1477 1234 1549 Evangelio
1253 1494 1285 1535 se
1299 1478 1395 1536 filium
1417 1479 1549 1536 hominis
1565 1480 1684 1551 (narrt.
1708 1496 1780 1549 xvu,
1805 1485 1833 1549 t,
1856 1484 1906 1552 ιι)

1075 1565 1147 1622 dicit
1156 1568 1253 1639 magis
1267 1583 1360 1641 quam
1375 1568 1529 1625 hominem
1545 1584 1552 1625 ε
1566 1569 1692 1626 necsine
1701 1571 1831 1627 causein
1843 1570 1905 1628 alio

1076 1656 1206 1727 psalmo,
1217 1657 1370 1725 Homines,
1384 1657 1490 1731 inquit,
1500 1663 1528 1715 et
1535 1659 1674 1729 jumento
1686 1660 1785 1716 salros
1797 1660 1903 1725 facim

1074 1744 1200 1802 Domine
1210 1766 1221 1816 ,·
1233 1745 1308 1802 siem
1326 1746 1531 1816 mattiptieota
1550 1753 1593 1804 est
1607 1747 1811 1806 misericordie
1837 1755 1903 1814 tac,

1076 1834 1161 1891 Deus.
1177 1836 1272 1891 Abste
1282 1835 1493 1909 quippeetiam
1505 1837 1565 1894 ista
1576 1835 1658 1894 selus
1672 1837 1844 1894 bominibus
1855 1839 1905 1910 ju·

1073 1924 1242 1997 mentisque
1256 1925 1438 1982 communis.
1454 1925 1511 1982 Sed
1526 1926 1640 1983 habent
1654 1926 1744 1985 aiam
1759 1927 1901 1985 homines

1073 2014 1904 2087 novipropriamquamdemetaJumentorumoonsortio

1073 2103 1371 2176 separatam,quesad
1379 2107 1493 2162 Novum
1500 2104 1623 2177 partinet
1633 2106 1881 2166 Testamentum¹
1894 2125 1904 2162 ι

1072 2191 1185 2249 babent
1198 2193 1322 2249 omnino
1335 2209 1342 2259 ;
1358 2209 1430 2250 nam
1443 2193 1539 2251 deilla
1550 2193 1661 2251 ibidem
1672 2197 1806 2269 sequitur
1819 2198 1908 2255 etdi·

1072 2280 1120 2346 cit,
1133 2282 1208 2338 Fttii
1217 2285 1315 2339 numm
1329 2282 1481 2340 bominum
1494 2283 1685 2355 subteqmine
1698 2286 1819 2342 ntorum
1837 2292 1905 2343 tec·

1071 2385 1138 2426 rum
1154 2371 1326 2441 sperabunt.
1344 2371 1573 2429 inebriebantur
1592 2372 1630 2430 ab
1645 2373 1779 2431 ubertate
1795 2374 1903 2434 domus

1072 2463 1140 2526 tue,
1151 2466 1316 2517 ettorrente
1324 2461 1487 2531 voluptatis
1498 2468 1554 2518 tnae
1561 2463 1744 2529 potabieeos.
1754 2463 1901 2530 Quoniam

1071 2549 1153 2618 opud
1167 2555 1194 2606 te
1212 2556 1253 2606 est
1272 2549 1429 2620 sonicite,
1448 2549 1521 2607 etin
1540 2551 1652 2609 tamine
1668 2558 1716 2608 tuo
1736 2552 1902 2610 videbimus

1073 2638 1172 2694 tamen
1188 2639 1282 2710 (Psoi.
1298 2655 1386 2703 xxxv,
1398 2639 1475 2709 t-ro)
1487 2655 1494 2705 ;
1508 2640 1657 2712 posterius
1666 2641 1747 2709 dixit,
1761 2643 1838 2698 bitti
1847 2657 1903 2701 nu-

1071 2732 1127 2784 tem
1142 2727 1305 2794 bomtnnm,
1316 2734 1460 2800 tanquam
1472 2729 1660 2799 distinguens
1670 2730 1710 2787 ab
1723 2730 1902 2789 bominibus

1070 2814 1325 2873 illiosbomiuum.
1337 2821 1369 2873 ln
1380 2816 1430 2873 ilia
1442 2818 1553 2890 quippe
1562 2818 1699 2876 felicitate
1711 2820 1777 2891 eius
1791 2821 1901 2878 salutis

1070 2920 1139 2978 quae
1154 2906 1324 2962 eommunia
1340 2910 1384 2961 est
1396 2906 1571 2963 bominibus
1584 2913 1612 2964 et
1622 2907 1777 2979 jumentis,
1793 2925 1832 2966 co
1848 2925 1901 2966 no

1070 2995 1150 3052 mine
1172 2994 1238 3051 illos
1258 2995 1409 3068 appellare
1424 2996 1526 3062 voluit,
1543 3012 1605 3069 quo
1620 2998 1901 3055 demonstrarentur

1069 3082 1108 3140 ad
1119 3080 1203 3140 illum
1217 3083 1507 3156 primumhominem
1520 3086 1677 3156 pertinere,
1690 3102 1752 3159 quo
1764 3092 1900 3144 vetustas

1069 3172 1197 3245 ooepitet
1210 3188 1303 3239 mors,
1318 3172 1481 3246 quisicfuit
1492 3173 1595 3240 bomo,
1612 3181 1645 3231 ut
1656 3182 1804 3233 nonesset
1818 3176 1902 3233 filius

1068 3261 1212 3319 bominis.
1233 3263 1297 3318 letis
1319 3267 1421 3319 autem
1445 3264 1670 3335 posterioribus,
1696 3265 1748 3338 qui
1773 3270 1901 3337 sperent

1067 3350 1159 3408 aliam
1174 3350 1355 3419 felicitatem,
1372 3350 1497 3408 ettontis
1511 3352 1577 3409 vitm
1593 3352 1777 3411 ineffabilem
1791 3353 1900 3428 volup-

1066 3443 1168 3505 tatem,
1185 3446 1213 3496 et
1234 3440 1406 3512 sempiterni
1427 3439 1551 3497 luminis
1573 3441 1685 3505 lumen,
1710 3442 1768 3499 hoc
1782 3458 1899 3501 nomen

1066 3528 1288 3602 imposuitque
1299 3545 1331 3584 se
1343 3528 1520 3586 familiarius
1532 3530 1676 3603 appellari
1687 3532 1781 3589 voluit
1794 3532 1898 3590 Domi·

186 3622 282 3679 stibus
294 3619 467 3693 loqueretur
476 3615 560 3691 quod
574 3615 664 3673 inlisi
683 3621 846 3687 conspectu
858 3615 946 3672 etiam
962 3614 1011 3672 vix
1067 3633 1124 3674 nus
1135 3633 1239 3674 eorum
1253 3619 1282 3674 in
1295 3633 1373 3690 quos
1386 3618 1451 3675 talis
1464 3620 1559 3690 gratia
1571 3619 1703 3677 revelata
1716 3625 1771 3687 est,
1782 3637 1898 3696 eosque

185 3709 260 3781 ipsae
274 3708 396 3766 mundes
411 3708 480 3774 siut,
496 3706 614 3775 Quanto
624 3706 727 3778 moria
738 3705 845 3777 inquit,
855 3704 940 3762 bomo
953 3719 1010 3773 pn·
1065 3704 1143 3763 tilios
1161 3705 1321 3763 bominum
1336 3707 1435 3778 potius
1452 3723 1546 3780 quam
1564 3708 1703 3765 homines
1722 3710 1896 3782 appellarit.

186 3800 270 3858 trecto
284 3805 308 3855 et
321 3798 404 3869 fitius
419 3796 546 3855 bominis
558 3797 664 3853 vermis
679 3794 756 3867 (tob.
769 3810 837 3859 xxv,
854 3799 880 3860 5,
892 3795 920 3866 ι)
936 3794 943 3848 l
958 3797 1012 3850 Pu·
1101 3797 1145 3853 2³.
1159 3798 1329 3853 Nonautem
1339 3795 1750 3869 existimesquasilocutionis
1757 3798 1897 3870 regulam

185 3888 333 3947 tredinem
356 3903 411 3960 pro
426 3884 605 3943 mortalitate
620 3884 728 3958 posuit,
754 3899 823 3957 qum
841 3883 907 3956 jam
933 3884 1011 3940 velut
1064 3883 1116 3955 ligi
1131 3891 1274 3957 perpetua
1289 3885 1354 3957 lege
1361 3883 1552 3951 servandam,
1569 3892 1601 3942 ut
1615 3887 1799 3960 ubicumque
1813 3886 1897 3960 lege·

185 3983 363 4050 conceptam
378 3977 452 4047 gerit
465 3972 612 4031 moriendi
635 3972 855 4037 necessitatem,
871 3972 901 4029 in
917 3986 1011 4044 quem
1064 3973 1105 4030 ris
1127 3972 1270 4039 nomines,
1283 3979 1334 4030 aut
1356 3974 1437 4043 fitioe
1452 3974 1615 4042 bominem,
1632 3976 1801 4033 secundum
1814 3977 1897 4036 banc

185 4066 341 4141 peccando
355 4069 517 4122 contrusus
525 4067 570 4120 est
582 4062 675 4119 bomo
696 4078 704 4129 ;
719 4066 747 4117 et
761 4061 856 4117 tilium
877 4059 1010 4117 hominis
1063 4062 1286 4120 distinctionem
1305 4078 1425 4136 semper
1439 4063 1587 4134 intelligas
1605 4080 1611 4120 :
1626 4065 1677 4121 sed
1690 4070 1723 4121 ut
1734 4081 1766 4123 se
1780 4065 1896 4124 habue-

103 4150 106 4154 ’
183 4170 317 4213 vermem
335 4159 442 4210 natum
456 4152 493 4208 de
517 4149 673 4224 putredine
692 4150 779 4223 quasi
798 4153 926 4221 putrem,
953 4147 1011 4204 boc
1064 4151 1103 4208 rit
1121 4152 1343 4208 circumstantia
1355 4150 1500 4219 lectionis,
1522 4154 1602 4209 unde
1622 4169 1739 4221 sensus,
1762 4155 1787 4212 si
1801 4160 1895 4229 patet,

185 4249 232 4301 est
245 4243 283 4299 de
307 4241 485 4299 mortalitate
505 4237 673 4296 mortalem.
694 4240 735 4294 Ac
757 4252 810 4311 per
832 4236 935 4295 hocin
964 4237 1011 4294 his
1064 4239 1217 4307 hauritum
1234 4240 1258 4296 si
1271 4239 1352 4306 latet,
1362 4240 1484 4296 eruitur.
1498 4240 1578 4297 Sicut
1592 4242 1623 4297 in
1631 4241 1689 4298 hoc
1703 4242 1770 4298 looo
1785 4243 1896 4314 psalmi

184 4330 302 4398 Psalmi,
313 4331 406 4387 alium
421 4343 545 4385 sensum
559 4342 616 4383 nos
635 4341 769 4400 quaerere
781 4325 950 4392 admonuit,
961 4324 1011 4381 illo
1064 4329 1166 4400 buius,
1193 4345 1284 4402 quem
1310 4343 1371 4385 non
1388 4334 1509 4387 moveat
1527 4329 1726 4387 distinctionis
1740 4332 1896 4391 intentio?

183 4419 308 4495 quidam
318 4415 673 4490 salvousquereprobato
687 4431 693 4471 :
705 4418 735 4471 ul
749 4428 811 4470 non
823 4412 1012 4470 tolumtcrtt·
1064 4433 1135 4476 oum
1149 4417 1197 4475 ille
1208 4417 1434 4490 quidixerat,1n
1447 4423 1474 4477 te
1483 4426 1678 4489 speraverunt
1689 4425 1896 4490 potresnostri

182 4506 512 4582 temurquodait,qu
526 4511 626 4563 cutem
641 4520 706 4561 sam
721 4503 839 4568 vomis,
857 4501 1010 4560 sedetiam
1064 4512 1093 4565 et
1112 4507 1216 4565 misti
1240 4522 1297 4564 eos.
1317 4507 1367 4563 Ad
1383 4514 1411 4564 te
1431 4508 1650 4575 ctamevernnt,
1671 4515 1699 4566 et
1718 4511 1798 4567 sotei
1815 4512 1896 4580 sacti

182 4598 257 4658 illud
269 4597 353 4671 quod
367 4595 492 4665 addidit,
506 4601 534 4653 et
552 4609 612 4652 non
625 4593 711 4651 bomo
727 4609 734 4657 ;
755 4591 923 4649 secundum
936 4589 1010 4648 illud
1064 4603 1134 4654 sunt
1148 4610 1160 4669 ;
1174 4599 1206 4654 in
1222 4603 1250 4654 te
1264 4605 1470 4667 speraverint,
1491 4604 1518 4654 et
1527 4614 1587 4655 non
1598 4604 1668 4655 sunt
1682 4598 1811 4670 conseri,
1825 4600 1895 4657 sub

182 4687 266 4761 quod
279 4687 317 4743 de
339 4686 415 4743 libro
429 4685 485 4741 tob
504 4682 750 4750 commemoravi,
768 4686 915 4753 tanquam
930 4679 1011 4736 dice·
1061 4686 1172 4759 jungit,
1185 4686 1250 4757 1390
1263 4692 1361 4743 autem
1372 4700 1384 4742 :
1398 4701 1459 4742 non
1473 4686 1611 4743 enimait
1625 4687 1680 4753 sic,
1692 4690 1725 4744 Et
1739 4702 1812 4761 0303
1829 4688 1893 4759 sed,

181 4781 235 4843 ret,
252 4771 758 4846 380111011111111111111111011111111,
775 4776 803 4827 01
818 4784 880 4827 11011
892 4770 984 4826 homo
1001 4783 1008 4825 :
1063 4775 1127 4847 lfao
1144 4782 1253 4832 aetem.
1268 4774 1344 4841 Quid
1357 4789 1429 4846 ergo
1448 4774 1503 4831 iste
1528 4776 1581 4848 qui
1599 4791 1630 4831 se
1644 4777 1686 4833 ita
1708 4775 1894 4849 distinguit?

181 4881 243 4924 uon
255 4863 338 4938 quod
349 4860 707 4927 bomononsitiihristus,
722 4858 829 4932 dequo
842 4859 1008 4931 dicittlpos-
1062 4864 1297 4937 quaatemsnm
1304 4863 1419 4934 vermis,
1427 4864 1567 4937 inquitet
1578 4880 1638 4922 non
1652 4864 1736 4922 bomo
1745 4869 1892 4939 tauquam

183 4955 270 5021 tolus,
296 4954 376 5012 Unus
391 4955 433 5010 est
454 4951 602 5008 mediator
627 4951 682 5006 Dei
701 4953 728 5006 et
754 4947 906 5006 borninum
922 4948 1009 5006 bomo
1063 4952 1121 5010 illis
1141 4968 1219 5026 quos
1239 4953 1398 5018 exaudisti,
1414 4956 1443 5008 et
1455 4953 1565 5016 eruisti,
1582 4968 1650 5011 eam
1661 4954 1892 5012 commendares

182 5044 314 5103 cbristus
326 5044 412 5101 lesus
426 5042 447 5114 (l
463 5040 536 5098 Tim.
552 5055 582 5109 u,
594 5041 621 5110 b)
638 5054 645 5105 ;
660 5037 760 5094 omnis
775 5038 855 5095 enim
866 5036 942 5093 tilius
957 5036 1009 5094 bo·
1062 5040 1230 5099 felicitatem
1245 5057 1313 5114 quas
1329 5041 1367 5098 ad
1387 5041 1477 5098 Vetus
1488 5043 1640 5115 pertinens
1653 5035 1890 5109 Testamentum,

180 5135 282 5201 11111111,
295 5134 388 5191 homo
402 5138 447 5188 0⁸¹
457 5148 465 5200 ι
477 5128 529 5186 1111
541 5128 580 5186 fid
596 5127 1008 5201 (11111111111111ι1111111111111
1061 5132 1177 5190 ιιοιιιιιιι
1193 5132 1281 5187 veteri
1295 5130 1453 5188 tribuenda
1466 5137 1554 5198 esset,
1566 5132 1715 5206 quiompit
1728 5133 1768 5189 ab
1780 5132 1888 5200 Adam,

181 5225 245 5295 iste,
255 5224 307 5298 qui
317 5224 359 5279 sio
368 5222 461 5278 bomo
469 5218 566 5285 fuerit,
578 5224 610 5273 ut
620 5219 767 5273 nonesset
777 5213 854 5271 tilius
863 5214 1006 5284 hominis,
1061 5222 1122 5292 Epo
1137 5226 1236 5279 antem
1246 5236 1310 5278 sum
1322 5221 1449 5292 ver-mm·
1463 5221 1520 5277 hoc
1532 5227 1576 5278 est
1586 5221 1663 5277 tilius
1673 5221 1817 5287 hominis,
1827 5238 1890 5280 non

179 5314 262 5371 idest
273 5313 381 5369 Adam.
398 5312 481 5368 Torta
493 5323 565 5380 ergo
581 5307 621 5362 sic
634 5310 678 5363 est
693 5304 819 5371 dictum,
834 5305 893 5375 Ero
907 5309 1007 5361 autem
1059 5309 1163 5380 homo,
1178 5310 1255 5367 sicut
1267 5309 1315 5366 ille
1330 5309 1483 5383 homoqui
1497 5325 1559 5366 non
1574 5310 1628 5367 fuit
1643 5308 1724 5366 tilius
1745 5311 1888 5369 bominis.

180 5416 244 5459 sunt
263 5403 379 5467 vermis,
396 5405 423 5458 et
435 5415 496 5457 non
512 5398 607 5462 bomo,
624 5394 656 5452 id
674 5400 728 5461 est,
742 5408 798 5465 ego
812 5399 911 5450 autem
937 5408 1005 5451 sum
1095 5402 1205 5458 CAPUT
1224 5401 1266 5458 til.
1282 5404 1371 5457 -24.
1386 5400 1544 5473 loperhoc
1557 5399 1890 5474 etquodsequitur,0p

179 5488 260 5547 lilius
274 5488 418 5556 hominis,
434 5493 463 5546 ct
477 5504 539 5545 non
553 5488 645 5543 homo
660 5501 667 5542 ι
687 5488 834 5556 tanquam
845 5481 1003 5549 diceretur,
1056 5489 1213 5562 probitum
1227 5489 1390 5553 bominem,
1405 5495 1431 5547 et
1444 5489 1569 5561 objectio
1581 5488 1685 5559 plebis.
1706 5488 1814 5548 Omnes
1836 5491 1890 5563 qai

1058 5579 1280 5649 conspiciebant
1294 5593 1348 5646 me,
1366 5578 1586 5637 subsannabant
1600 5593 1653 5645 me,
1668 5583 1696 5635 st
1710 5579 1806 5637 locuti
1814 5586 1887 5638 snat

212 5663 307 5723 tude,
322 5664 346 5714 si
360 5662 497 5714 enimvero
510 5663 566 5713 bei.
577 5662 640 5713 uss.
652 5673 755 5719 omnes,
771 5672 845 5710 reret

209 5734 248 5797 to)
262 5728 336 5794 Oris.
352 5726 429 5779 bom.
449 5727 480 5776 tt
489 5726 520 5777 in
532 5726 606 5786 Luc..
621 5728 648 5777 et
657 5724 735 5776 dmin
750 5723 780 5775 iu
792 5720 940 5788 umepsat.
1089 5721 1097 5753 ¹
1111 5720 1160 5773 lle.
1171 5719 1258 5782 corb..
1275 5720 1482 5775 Sacramentum.
