3952 6128
52 140 109 200 ¹05

84 269 128 319 Sis
143 283 236 319 memor
249 264 302 333 ipse
313 266 362 319 mei
377 284 384 317 ε
400 267 512 319 bibulam
526 269 569 333 qui
586 271 678 334 ponitis
691 286 776 322 aurem

84 331 196 396 Legibus
211 331 320 387 insistis,
334 331 476 381 contundite
493 341 591 394 pectora
606 333 705 395 palmis,

85 393 196 445 Sternite
212 391 322 442 membra
333 395 397 452 solo,
410 395 555 457 meritosque
567 395 628 444 ciete
645 396 751 452 dolores,

86 455 118 504 Et
133 455 266 520 prohibete
277 455 355 512 netas,
369 454 433 505 Deus
444 456 549 519 imperat
558 457 674 507 omnibus
688 472 776 514 unum,

87 518 212 568 Admonet
223 519 334 575 antistes,
351 527 502 582 venturaque
518 519 642 568 tulminn¹
660 529 760 570 terrent.

86 580 111 631 0
126 583 189 630 mibi
200 589 333 630 transactos
348 590 443 630 reuocet
458 582 480 630 ei
505 582 589 630 ristina
604 583 668 631 soles

87 642 209 693 Laetitlms
224 656 312 693 aurora
329 643 402 700 rotis,
418 596 571 707 quoeirberc
589 651 669 694 tecum

87 706 150 756 Otia
166 712 294 763 tentantes,
310 713 333 754 et
347 706 451 755 condida
459 705 519 768 jura
537 705 668 763 bonorum,

88 767 218 817 Duximna
233 767 307 817 itaiiae
321 767 410 819 medio.
426 777 570 832 montesque
582 784 625 831 per
636 769 699 818 sitos
714 770 720 817 l

87 828 144 880 Non
161 844 200 880 me
214 831 276 880 dura
288 829 342 893 gelu
353 829 513 894 prohiberent
528 832 618 894 frigora
630 845 700 887 cano,

87 891 142 942 Nee
157 893 211 943 tera
224 900 358 966 tempestas
368 893 526 956 Zepiryriim,
542 894 703 958 tremitusqne
717 893 808 952 Boriui,

89 955 156 1014 Quin
172 964 212 1005 tua
224 956 329 1005 sollicito
344 969 480 1019 premerem
496 955 600 1019 vestigia
614 970 699 1020 pessu.

89 1019 145 1067 Hoc
159 1031 222 1079 opus
237 1025 263 1066 ut
275 1015 366 1081 jubeas
378 1024 480 1073 nutum,
494 1032 564 1067 cruor
575 1019 660 1080 irriget
670 1026 746 1075 artus,

89 1079 203 1130 Solstitio
213 1079 316 1134 Neuros,
330 1080 421 1130 bruma
434 1079 581 1129 sectabimur
598 1081 698 1130 istrum.

90 1145 193 1204 ignotus
208 1141 329 1192 Garamas
343 1142 420 1191 solvet
434 1143 495 1191 mihi
511 1141 607 1191 vincula
621 1144 698 1207 gentis
714 1143 732 1191 ¹.

89 1205 280 1269 Xampmosque
292 1205 358 1254 iacas
375 1205 471 1268 lugiens
491 1206 634 1268 lippancius
646 1205 727 1254 amnis
742 1205 752 1234 ⁸

90 1266 244 1330 callipidum
259 1265 387 1330 Scythicas
402 1275 499 1315 resonet
512 1281 645 1330 spumosus
659 1274 689 1316 ad
706 1267 794 1318 undas.

91 1330 190 1380 ibimus
206 1337 230 1379 et
242 1328 344 1385 Lenem,
356 1343 407 1392 qua
420 1329 510 1378 Leucis
520 1329 581 1378 solis
594 1330 618 1378 in
633 1340 703 1379 ortus

91 1391 215 1442 Tenditur
231 1405 237 1440 ε
252 1400 276 1440 et
289 1393 353 1440 vasti
367 1393 464 1441 deserta
478 1393 607 1443 cacumina
621 1392 701 1448 Cassi.

91 1454 172 1514 Queia
186 1453 349 1516 Epidamneas
362 1463 445 1518 oequat
462 1453 510 1502 sibi
526 1454 610 1503 (bissis
622 1469 705 1518 rupes,

92 1516 165 1566 Unde
182 1517 349 1580 quiescentem
360 1529 482 1568 aurorem.
497 1530 632 1588 currusque
646 1519 749 1572 solutos,

92 1578 257 1642 Sopitamque
269 1578 333 1628 diem
347 1578 426 1628 niedia
438 1579 565 1628 subnecte
578 1579 693 1636 riderem.

92 1643 129 1690 Te
144 1640 267 1690 suadente
282 1648 363 1704 petam
383 1655 444 1690 :nee
460 1641 525 1689 enirn
541 1640 612 1691 labor
623 1649 664 1690 nat
675 1648 755 1691 metus
768 1639 837 1690 nilus

91 1701 188 1759 Terret,
202 1702 244 1753 ubi
258 1703 370 1752 insontes
383 1702 498 1762 precibus
512 1703 578 1752 Dens
592 1703 771 1767 anditspertia.

92 1766 127 1816 Et
140 1780 206 1815 nunc
221 1765 383 1815 Romulidum
396 1765 466 1815 sedes
481 1774 504 1813 et
516 1766 599 1814 inanis
615 1766 673 1814 tecti

94 1828 221 1883 Crimine,
233 1827 411 1891 bacchatasque
426 1828 524 1882 domus.
541 1841 668 1892 sanosque
684 1826 804 1876 tumultus

95 1890 255 1946 Deserercm,
271 1899 295 1938 et
307 1897 371 1940 totus
381 1890 455 1940 semei
471 1890 548 1938 intua
562 1890 635 1939 corda
648 1890 767 1946 venirem,

93 1953 127 2003 m
142 1967 214 2002 mena
227 1954 342 2015 conjugio
357 1951 502 2002 incumbens
520 1954 633 2002 retineret
646 1963 752 2002 euntem.

93 2015 174 2065 Crede
191 2015 261 2071 meis,
279 2029 293 2063 o
308 2015 387 2070 docte.
403 2014 482 2070 malis,
498 2028 603 2079 veroque
618 2013 705 2071 dolori,

94 2076 168 2137 Quod
178 2078 231 2126 sine
245 2084 270 2127 te
280 2077 362 2126 nullos
380 2077 526 2141 promittunt
540 2078 643 2127 cerbass
657 2086 751 2141 portus,

94 2141 264 2204 Erramusque
280 2138 363 2201 procui
380 2138 476 2189 turbata
495 2153 536 2200 per
550 2153 652 2202 aequora
665 2140 729 2189 vitre.

97 2203 248 2265 precipites
262 2201 339 2251 densa
350 2200 423 2251 veluti
436 2200 539 2265 calipius
552 2210 643 2257 nauta,

94 2264 168 2326 Quos
177 2277 234 2315 uror
244 2265 367 2320 australis,
379 2264 485 2313 stridens
497 2271 521 2313 et
532 2264 607 2312 ssatus
623 2264 656 2313 ab
674 2262 738 2312 Euro

95 2327 217 2383 Perculit,
232 2336 256 2376 et
273 2326 350 2390 raptis
361 2327 467 2390 privavit
482 2325 557 2376 turbo
569 2325 692 2389 magistris
708 2340 714 2382 ;

95 2390 218 2440 Protinus
232 2388 348 2452 abruptis
363 2389 444 2438 miseri
461 2391 594 2437 volvuntur
607 2390 631 2436 in
647 2387 736 2436 nudis:

96 2451 152 2502 Non
167 2451 234 2501 torus
246 2459 291 2500 aut
306 2465 396 2514 proroe,
411 2464 460 2500 non
474 2451 549 2500 lintea
563 2450 652 2500 deinde
666 2448 785 2512 proeellas

95 2515 172 2564 Perre
184 2513 273 2570 valent,
289 2514 403 2578 ratioque
421 2514 481 2562 ‘acet
497 2512 633 2577 stupefacta
646 2511 769 2574 rependi:

96 2578 139 2628 Sic
155 2591 194 2625 me
211 2584 299 2625 ventus
312 2576 373 2637 aqit,
389 2529 539 2639 voivnntque
554 2575 681 2637 cupidinis
694 2581 770 2623 aestus

96 2639 206 2689 inruere
221 2636 373 2694 lethiferum,
388 2652 432 2687 nec
448 2646 520 2686 terrm
534 2638 645 2701 protinus
662 2636 764 2687 absunt.

96 2702 145 2752 Sed
157 2715 253 2751 mecum
265 2708 389 2762 reputans,
406 2709 448 2749 tus
464 2699 570 2749 candida
585 2698 669 2756 verba,
684 2699 806 2762 magister,

97 2765 159 2814 liene
175 2763 252 2827 rnnqis
266 2775 319 2812 esse
331 2776 385 2812 reor
400 2762 446 2812 tibi
459 2762 556 2811 credere
568 2776 573 2809 :
587 2762 676 2811 callida
691 2775 729 2812 res
741 2769 786 2817 est,

96 2826 203 2889 Decipit.
214 2833 289 2890 etque
304 2825 394 2874 enimts
407 2824 506 2874 molitur
518 2824 578 2873 retia
592 2824 690 2873 nostris.

95 2888 242 2938 Prceteritos
255 2886 346 2937 obiitus
360 2888 434 2945 enim,
451 2886 586 2950 praesentia
603 2894 694 2950 praesto

95 2952 169 3001 Nune
181 2950 234 3006 tibi,
245 2950 328 3006 chare,
344 2957 385 2999 tno
402 2963 448 2999 nos
462 2963 527 2998 nune
541 2950 571 2998 de
588 2957 684 3011 pectore
697 2948 769 3012 lapsi.

96 3015 152 3063 Heu
166 3013 227 3061 mihi
254 3026 286 3061 uo
300 3012 371 3065 ierac.
383 3011 448 3060 unde
459 3010 531 3061 veiim
542 3011 588 3060 tibi
603 3010 709 3075 pendere
722 3019 829 3060 mentem
845 3009 851 3058 i

96 3078 164 3125 Ante
179 3074 228 3124 sub
270 3088 313 3135 qen
328 3073 470 3138 aptabunt⁴
487 3074 527 3137 pis
541 3081 603 3123 tecta
617 3072 756 3137 palumbes.

96 3139 128 3187 Et
138 3151 212 3188 uersa
224 3136 344 3197 halcyone
358 3145 487 3200 componet
498 3137 524 3184 in
535 3134 622 3185 arbore
638 3136 708 3185 nidos
723 3151 730 3194 ;

96 3200 221 3251 Esar-iem
232 3199 320 3248 situlos
331 3197 380 3248 alet
396 3207 453 3248 ante
468 3199 545 3249 lemna
557 3212 683 3262 sequaces,

97 3266 181 3326 Atque
197 3261 303 3324 impasta
316 3261 357 3311 diu
372 3267 468 3311 teneros
486 3263 542 3324 lupn
557 3260 743 3323 nutrietapnos.

98 3325 273 3388 linteatosque
281 3324 333 3372 suis
347 3324 455 3373 divisum
471 3321 579 3387 partibus
591 3322 684 3379 orbern,

97 3392 149 3437 Ant
162 3387 277 3436 iiarcuens
290 3385 338 3435 alet
352 3389 460 3439 murum.
478 3395 519 3435 aut
534 3385 662 3447 liprcunia
676 3398 763 3435 muros
778 3386 788 3417 ⁸
802 3396 810 3441 ;

98 3454 167 3499 Ante
182 3447 312 3513 Thyesteis
326 3448 415 3497 iterum
430 3448 493 3496 male
507 3449 590 3498 territa
607 3448 707 3504 mensis,

99 3512 241 3575 interrupte
253 3510 305 3560 dies
319 3511 417 3574 reluqos
426 3518 538 3559 vanescet
549 3511 575 3558 in
590 3518 659 3559 ortus
672 3525 678 3567 ;

99 3577 165 3624 Ante
180 3573 276 3623 dabunt
288 3572 381 3623 imbres
392 3573 481 3629 Nilum,
496 3586 571 3637 super
584 3571 679 3621 aetbera
691 3571 772 3621 damoe

99 3635 234 3689 Errabant,
251 3643 393 3699 montesque
405 3643 499 3691 canent,
514 3642 537 3684 et
549 3631 654 3683 ssuntins
666 3633 793 3698 plaudent,

99 3700 182 3759 Quam
196 3698 256 3747 mihi
271 3705 327 3761 post
343 3705 436 3759 terqnm
451 3698 549 3747 veniant
560 3705 604 3745 tua
618 3698 695 3755 dona,
710 3698 833 3758 magister.

99 3766 174 3810 Arest
185 3774 263 3815 emor,
278 3760 442 3831 copulamque
456 3767 521 3809 tenet
532 3759 669 3809 communis
682 3759 787 3808 bonesti.

99 3825 154 3878 ilic,
172 3821 212 3872 nie
224 3830 307 3886 regnet
318 3823 435 3871 amicitiis
450 3822 523 3871 decus
538 3821 608 3871 hoste
622 3820 716 3884 togato.

98 3885 163 3936 Nam
175 3899 255 3950 neque
269 3893 369 3950 propter
384 3897 444 3947 opes
461 3885 559 3942 vitreus,
572 3898 708 3947 aurumque
719 3880 818 3939 rebelle,

98 3949 234 4013 ,iungimus
247 3961 362 3996 assensus
376 3947 515 3996 animorum
530 3963 536 3994 :
551 3960 609 3996 nam
626 3960 706 4010 neque
722 3944 789 4009 vulpi

99 4012 153 4062 Nos
161 4011 257 4059 fortuna
270 4023 354 4063 ruens,
367 4023 424 4074 ques
440 4018 536 4073 separat
551 4008 740 4063 ardua,'un1it.

100 4074 150 4123 Sed
165 4071 235 4122 labor
250 4072 366 4121 interiora
383 4071 474 4134 tereus,
493 4071 589 4135 vulgata
600 4069 649 4120 libo
661 4071 699 4125 iis,

101 4139 186 4199 Atque
199 4132 291 4184 animis
305 4133 405 4184 inventa
416 4134 473 4190 tuis,
492 4141 515 4182 et
530 4132 611 4183 nobile
623 4133 712 4195 dogma

100 4198 233 4252 indictum,
244 4204 378 4259 contraque
391 4197 473 4246 boam
487 4208 606 4259 responsa
617 4195 724 4249 relatus.

101 4260 133 4310 Et
148 4274 204 4309 mea
218 4258 296 4310 Gellio
329 4295 336 4316 ,
350 4258 465 4321 quamvis
478 4267 500 4308 te
512 4258 624 4307 cominus
635 4258 712 4307 situm

101 4324 217 4379 Horreat,
233 4330 256 4371 et
266 4336 297 4370 vn
309 4326 349 4370 lue
359 4319 503 4377 abscondat,
518 4320 604 4370 inutile
617 4323 725 4369 tractans
738 4333 745 4376 ;

101 4385 156 4435 tior
170 4393 262 4439 manen,
277 4384 324 4433 bne
334 4383 414 4433 enimi
429 4383 548 4439 vinclum,
559 4395 689 4447 nexusque
703 4380 796 4440 fideles,

100 4446 159 4498 Non
170 4448 216 4511 qui
225 4445 344 4497 montosis
356 4445 467 4495 iirmatas
480 4445 581 4510 rupibus
592 4445 667 4508 Alpes

103 4509 196 4574 Fregit,
210 4517 236 4558 et
246 4508 344 4558 italicas
354 4508 445 4572 pressit
456 4522 510 4557 curu
524 4507 648 4557 moenibus
661 4505 743 4563 urbes,

103 4573 251 4634 Rumperet,
266 4578 311 4620 eut
325 4578 408 4620 nostro
421 4578 521 4620 terreret
537 4569 624 4620 robore
641 4569 790 4681 Quidquam.

104 4635 142 4685 lte
156 4635 242 4698 procul
260 4633 345 4683 latices
363 4632 464 4682 tumidis
477 4633 629 4682 antrectibus
666 4633 699 4686 st,

103 4700 156 4746 Ant
170 4695 204 4744 ab
218 4695 378 4759 Arempbcels
389 4694 526 4759 iibipbmos
539 4703 582 4743 aut
592 4693 682 4756 oppida
694 4692 776 4756 Caspi,

104 4759 303 4822 cimmeriasque
317 4760 403 4807 domm
420 4758 548 4821 sejungere
559 4755 660 4805 tiumine
673 4755 741 4818 isrpo
757 4769 763 4803 :

104 4822 303 4884 Maeutidumque
315 4819 400 4883 piapae,
414 4819 508 4869 Pontus
520 4832 583 4883 quas
593 4816 675 4867 obruit
686 4816 778 4875 Helles,

106 4883 214 4947 Europae
225 4893 302 4946 atque
316 4882 383 4933 Asiae
397 4883 467 4945 lonpe
481 4881 622 4931 discrimine
634 4881 746 4930 tendant.

106 4947 195 4996 Nonne
206 4945 284 4995 boum
318 4958 344 4993 er
355 4952 489 5009 utrumqne
503 4942 570 4992 latus
583 4944 696 4992 nimenta
706 4941 811 5006 fatigans

105 5008 210 5060 Finibus
225 4959 331 5057 abscidit
344 5006 444 5057 Thaleti
459 5009 469 5039 ⁸
483 5005 586 5056 Dodone
603 5004 731 5063 bioiossos,

104 5135 113 5165 ¹
125 5130 203 5187 End..
215 5130 326 5192 flumine
342 5128 404 5178 liss.
418 5129 547 5193 quinque,
564 5126 685 5190 [uimine.

106 5193 190 5247 titud
207 5196 235 5242 si
249 5192 308 5247 Er..
322 5191 418 5240 Gerrt's.

106 5256 197 5330 'uites
216 5254 360 5319 plerique:
382 5252 566 5316 Xompoecrqus
581 5252 649 5301 locus
670 5251 770 5315 sopiens
784 5250 906 5316 Hypanis

73 5320 121 5414 nb:
132 5331 316 5451 laldmeir'bsmnss
334 5393 339 5428 :
354 5378 493 5441 optabunt,
515 5379 625 5441 excepto
642 5376 719 5428 Corb.
742 5375 787 5441 qui
803 5376 905 5427 habet:

75 5441 328 5566 ‘attrectent
344 5439 526 5560 illinitis,

107 5568 205 5627 Ἕω..
224 5565 384 5619 interillos.
399 5564 529 5632 plerique,
547 5564 653 5617 titoinrt'.

185 5667 308 5729 Person.
327 5665 455 5760 ttxtttil.

677 143 930 204 nrtstonlttttlt
951 142 1095 204 CLiiSSlS
1115 141 1151 203 li.

1712 138 1766 206 lod

970 274 1004 323 Co
1021 281 1144 336 natosque
1158 273 1253 323 trebes
1267 272 1336 323 inec
1349 272 1416 337 pects
1428 271 1509 323 foedus
1520 272 1627 323 amicum

971 288 1088 410 Sitionlos
1100 337 1163 385 inter
1176 335 1267 384 mansit
1283 348 1438 409 regnumque
1455 335 1582 397 Peiopum,

971 398 1156 462 Sncrtleqosque
1171 398 1286 462 Phryge«.
1319 411 1415 446 uamvts
1429 410 1474 461 pro
1489 406 1596 460 ternpore
1609 398 1702 448 cunctis

971 461 1086 524 Hospitio
1098 474 1227 510 commune
1243 461 1296 509 luit.
1332 460 1374 509 uid
1391 461 1497 534 denique
1510 462 1611 509 iratrum

974 522 1117 577 Dissidium,
1131 536 1276 586 pennasque
1293 536 1379 571 canam
1393 523 1407 570 i
1420 523 1479 586 quui
1489 521 1591 572 honesta
1605 530 1734 584 parentum

972 585 1094 641 Verbera,
1107 584 1166 647 quid
1182 592 1286 633 matrum
1301 585 1389 639 inriss,
1407 592 1526 648 natosque
1540 584 1660 647 superbos
1675 584 1688 632 i

973 645 1016 696 ilat
1024 648 1098 696 etiarn
1109 660 1225 710 superum
1238 660 1338 695 concors
1352 646 1477 695 discordia
1489 660 1577 701 rerum,

972 711 1067 774 'l'otque
1082 708 1161 758 linunt
1172 708 1241 765 ritus,
1260 716 1321 774 quot
1335 708 1378 757 dat
1391 707 1511 758 sententia
1526 709 1599 770 leges.

973 771 1022 821 Nec
1037 780 1098 821 tenet
1114 784 1178 820 unus
1194 784 1271 826 amor,
1288 783 1337 820 non
1354 771 1375 820 si
1390 770 1451 820 mibi
1465 783 1591 818 irrurmurs
1605 778 1703 818 eentum

973 835 1018 882 liet
1031 833 1129 889 Boreas,
1143 833 1292 897 totidemque
1306 833 1410 890 animas,
1425 841 1572 896 centumque
1587 846 1629 894 per
1645 844 1689 881 ora

972 895 1067 959 Linque
1081 894 1160 959 rigens
1173 896 1304 945 adamante
1316 895 1411 951 tremat,
1427 908 1561 944 memorare
1576 893 1663 944 valebo

972 957 1033 1018 Ques
1048 958 1141 1008 sociata
1155 957 1225 1021 prins
1240 966 1351 1008 veterum
1366 966 1455 1006 natura
1473 958 1581 1006 iocorum

975 1021 1083 1074 Distulit.
1098 1029 1122 1069 et
1131 1020 1200 1070 tereti
1214 1019 1311 1070 limavit
1324 1021 1406 1084 qiarea
1417 1020 1517 1069 mundo.

974 1083 1023 1133 Sed
1033 1097 1078 1132 nos
1094 1091 1220 1146 pretereo,
1238 1083 1305 1192 qnod
1320 1084 1352 1132 ab
1367 1096 1416 1131 unu
1434 1081 1588 1143 exsurgimus
1602 1079 1675 1135 urbe,

974 1145 1044 1207 Quod
1059 1145 1146 1194 domus
1158 1160 1208 1194 una
1222 1146 1285 1201 tuit,
1303 1144 1370 1208 quod
1384 1144 1505 1205 sanquine
1523 1143 1643 1207 tangimur
1657 1155 1707 1191 nno

975 1208 1108 1263 Scotorum,
1126 1207 1261 1257 christiana
1275 1207 1335 1256 tides
1347 1206 1488 1263 connexuit,
1507 1212 1531 1253 et
1546 1203 1614 1268 quod

975 1269 1025 1320 Noa
1039 1270 1086 1318 iter
1098 1271 1245 1319 immensum
1261 1269 1424 1324 disterminat,
1442 1274 1465 1316 et
1478 1268 1549 1331 plaga
1561 1267 1630 1330 ponti

975 1332 1096 1385 interfusa
1106 1341 1202 1382 coercet
1217 1347 1225 1390 ;
1239 1345 1308 1381 amor
1321 1332 1452 1381 contemnit
1467 1339 1611 1393 utrumque.

976 1393 1077 1447 Gaudia
1109 1395 1134 1443 ui
1148 1408 1267 1456 spernens
1278 1393 1413 1447 ocniomm,
1429 1406 1527 1457 semper
1537 1392 1616 1440 amico

977 1454 1080 1507 Absenti
1102 1457 1179 1505 ruitur
1195 1471 1201 1513 ;
1217 1455 1335 1519 quoniam
1352 1456 1382 1505 de
1397 1455 1468 1504 corde
1501 1453 1608 1503 rutundo

977 1518 1083 1574 Pendet,
1101 1526 1125 1569 et
1138 1519 1241 1568 interme
1254 1518 1355 1568 rimatur
1386 1516 1460 1567 abuln
1477 1470 1554 1567 libre.

976 1582 1072 1632 interea
1083 1581 1182 1630 venient
1191 1594 1355 1653 quoscumque
1369 1532 1453 1629 intuta
1466 1579 1586 1648 bonorum

977 1644 1076 1707 Scripta
1086 1643 1207 1692 snlutilcrt
1222 1656 1352 1699 sermonis,
1366 1651 1389 1692 et
1403 1640 1447 1691 iiia
1459 1654 1568 1703 priorum

978 1705 1162 1770 AEquiparsnda
1174 1706 1246 1762 lavis,
1262 1713 1379 1768 reputans
1396 1718 1453 1767 quse
1467 1712 1565 1767 pectore
1578 1700 1605 1749 in
1620 1701 1680 1757 alto,

977 1768 1127 1831 Concepium
1144 1768 1169 1817 in
1181 1767 1259 1817 iucem
1274 1767 1391 1817 vomuisti
1403 1775 1543 1816 nectareum
1560 1763 1618 1819 mel,

979 1831 1128 1881 Praesentem
1141 1831 1149 1879 i
1168 1843 1194 1877 se
1212 1830 1272 1879 nulii
1288 1837 1309 1878 te
1319 1829 1430 1885 reddent,
1445 1828 1467 1877 si
1481 1828 1542 1876 mttn
1556 1839 1649 1876 morem

978 1894 1097 1946 Gesseris,
1109 1901 1134 1942 et
1150 1843 1227 1942 fibros
1238 1892 1328 1956 quibus
1342 1892 1367 1941 in
1379 1896 1405 1941 te
1415 1893 1482 1941 lenta
1497 1887 1618 1939 recumbit

977 1955 1073 2005 llusica
1088 1953 1225 2011 tradideris,
1240 1967 1297 2004 nem
1315 1953 1397 2003 terreo
1411 1961 1474 2002 totus
1488 1953 1514 2002 in
1528 1951 1598 2005 iiior.

978 2022 1076 2072 lnnue.
1091 2017 1125 2066 sie
1139 2016 1211 2067 nohis
1223 2030 1308 2066 verum
1320 2016 1413 2065 ratione
1421 2023 1537 2076 patescat,

979 2080 1018 2129 Sic
1030 2078 1087 2144 pius
1096 2078 1204 2128 Eridano
1213 2078 1285 2137 fluct,
1300 2085 1323 2128 et
1337 2079 1447 2141 contagia
1461 2077 1545 2126 mnndi

978 2142 1148 2207 Nequicquam
1159 2141 1263 2191 volitent
1277 2141 1353 2190 nostri
1365 2141 1454 2189 circum
1468 2153 1528 2188 arva
1541 2137 1631 2188 coloni.

983 2222 1059 2295 lla).
1069 2222 1096 2278 Si
1109 2237 1211 2277 versus
1223 2226 1291 2276 tuus
1304 2218 1646 2276 momentisinordinnlis
1656 2230 1774 2289 perver-

949 2303 1774 2381 susesset,sisuislegibusnonstaret,simensurisimpa·

948 2395 1775 2469 ribusnureseuditorisoffenderet,puderettecerte,ueo

949 2484 1772 2554 differres,necdesisteresdoneoordinnres,corrigeres,

950 2571 1776 2650 statueres‚esquaresrersumtuum,discendoetagendo

950 2672 1043 2725 artem
1051 2666 1204 2723 metricum
1211 2666 1356 2722 acerrimo
1363 2659 1756 2736 studio,etlaborequolibet
1767 2677 1775 2715 ε

949 2757 1022 2830 quid
1033 2772 1103 2813 oum
1113 2754 1300 2812 inordinatus
1311 2755 1374 2827 ipse
1386 2752 1574 2827 perverteris,
1582 2749 1775 2823 cuunlegibus

950 2847 1001 2902 [lei
1016 2845 1057 2902 tui
1068 2846 1132 2918 ipse
1143 2860 1203 2900 non
1212 2851 1284 2908 stes,
1295 2859 1393 2916 neque
1404 2843 1433 2899 in
1445 2842 1564 2912 agenda
1575 2839 1776 2897 vitehonestis

949 2939 1071 2991 tuorum
1087 2934 1174 3000 uotis,
1189 2938 1217 2989 et
1228 2932 1298 2989 huic
1313 2933 1370 3004 ipsi
1383 2931 1544 2988 eruditioni
1559 2935 1615 2986 luae
1630 2928 1774 2996 concinis,

949 3022 1151 3096 abjiciendum
1167 3024 1238 3094 posi
1252 3027 1367 3091 tergum
1388 3025 1476 3093 putas
1491 3023 1520 3074 el
1535 3017 1777 3090 negligendum?

949 3107 1472 3184 Onesiprcesonolinguretucesistibi
1481 3107 1574 3170 vilior,
1587 3107 1779 3177 etincompo·

950 3201 1013 3257 silis
1039 3199 1175 3257 moribus
1198 3198 1281 3272 quod
1295 3197 1424 3254 offendis
1438 3212 1526 3253 eures
1556 3195 1606 3251 liei
1618 3194 1714 3250 levius
1729 3195 1776 3258 sil,

950 3305 1043 3363 quem
1065 3290 1090 3344 ei
1108 3287 1315 3361 incompositis
1343 3286 1469 3360 syllabis
1496 3285 1553 3342 tuis
1581 3282 1778 3355 grammatica

951 3383 1140 3436 succenseret
1154 3376 1325 3434 auctoritas.
1343 3375 1451 3433 Scribis
1468 3392 1474 3431 :

982 3469 1003 3518 Ο
1018 3467 1079 3517 mihi
1091 3473 1227 3517 transactos
1242 3473 1341 3515 revocet
1355 3463 1376 3514 si
1410 3464 1497 3515 ristina
1509 3463 1576 3513 soles

982 3529 1099 3580 Loetiticis
1114 3542 1205 3579 aurore
1219 3528 1289 3584 rotis,
1302 3541 1365 3590 qnos
1379 3527 1395 3577 Ι·
1430 3540 1456 3575 ra
1473 3535 1551 3575 tecum

982 3593 1038 3643 Otia
1053 3599 1184 3648 tentantes,
1201 3598 1224 3640 et
1238 3589 1344 3640 candida
1357 3589 1414 3652 jure
1428 3589 1559 3643 bonorum.

982 3655 1103 3706 [luximus
1114 3653 1193 3704 ltaliae
1204 3653 1297 3714 medlo,
1312 3659 1459 3718 montesque
1470 3663 1515 3714 per
1529 3649 1592 3699 altos
1609 3663 1615 3704 ;

984 3718 1036 3767 lton
1051 3731 1089 3765 me
1104 3715 1166 3766 dura
1186 3716 1241 3781 gelu
1272 3713 1414 3765 robiberent
1429 3714 1517 3774 cruore
1535 3725 1605 3767 enno,

983 3780 1099 3829 Noctem
1113 3785 1161 3827 tem
1179 3785 1243 3826 estas
1287 3776 1395 3840 phyriim
1412 3776 1574 3838 immitesque
1592 3773 1682 3827 Borim,

982 3841 1049 3902 Quin
1061 3849 1102 3889 tua
1113 3793 1217 3889 sollicito
1233 3852 1367 3902 premerem
1385 3838 1487 3901 vestigia
1503 3850 1588 3900 passu.

983 3904 1036 3953 iioc
1051 3916 1122 3967 opus,
1135 3911 1162 3952 at
1171 3901 1261 3965 jubeas
1278 3909 1384 3950 tantum.

987 3987 1029 4041 ide
1040 3983 1228 4049 miserum,si
1240 3997 1296 4052 ego
1308 3997 1369 4038 non
1379 3979 1484 4052 jubeo,
1499 3984 1594 4036 elnon
1603 3980 1788 4049 coguntque

952 4075 1077 4146 impero,
1089 4072 1113 4128 si
1128 4064 1778 4143 nonrogoacsupplico.Sedelaurestuaeed·

953 4178 1056 4218 versus
1068 4177 1149 4216 ineas
1160 4159 1364 4216 vocescieusm
1376 4164 1455 4225 sunt,
1465 4159 1508 4213 ori
1521 4162 1572 4214 tuo
1581 4160 1710 4230 pateant,
1726 4171 1778 4227 pa-

954 4250 1168 4308 teanionrmini
1178 4254 1226 4305 luo
1241 4265 1248 4315 ;
1265 4248 1376 4305 exaudi
1391 4246 1709 4320 teipsum,durissime‚
1724 4245 1778 4299 im-

953 4339 1138 4404 manissime,
1152 4336 1410 4402 surdissime.0uo
1423 4334 1494 4391 mibi
1506 4335 1640 4404 linguam
1654 4347 1778 4390 nuceam

955 4433 1043 4485 etoor
1055 4427 1204 4483 terreum?
1214 4426 1325 4498 quibus
1334 4441 1389 4496 ego
1397 4440 1456 4481 non
1468 4423 1661 4491 carminibus,
1670 4421 1723 4477 sed
1738 4421 1779 4478 la·

955 4516 1188 4575 mentationibns
1206 4515 1355 4571 sufficiam
1367 4514 1509 4587 plangere
1524 4512 1658 4569 carmine
1672 4516 1733 4577 ina,
1750 4511 1780 4568 in

955 4607 1067 4682 quibus
1078 4605 1174 4674 video,
1190 4620 1284 4677 quam
1302 4603 1537 4676 animum,quod
1549 4602 1703 4672 ingenium
1719 4616 1781 4657 non

955 4696 1028 4753 mihi
1036 4692 1365 4767 liceslepprehendere,
1377 4696 1407 4748 et
1418 4691 1575 4747 immolare
1585 4691 1644 4747 Deo
1653 4690 1782 4747 nostro?

956 4789 1117 4858 Exspectes
1132 4788 1163 4839 ιιι
1172 4798 1225 4855 ego
1234 4782 1369 4854 jubeam,
1381 4780 1534 4845 sisbonus,
1548 4780 1728 4852 sisquietus,
1741 4781 1781 4834 sis

956 4872 1344 4946 bealue;quasiquidquam
1353 4869 1782 4942 mihidierumgratiusiiinces·

957 4969 1013 5029 cet,
1025 4979 1119 5036 quern
1131 4959 1740 5032 utingeniotuoirnarinDomino‚entvere
1749 4960 1783 5011 iu

957 5053 1174 5125 nesciasqnem
1183 5056 1209 5107 te
1222 5048 1568 5113 esuriemelsitism,eul
1578 5063 1638 5102 non
1651 5043 1781 5116 hocipso

958 5141 988 5198 id
1001 5141 1134 5198 carmine
1147 5138 1278 5196 fatearis.
1290 5137 1551 5195 Revocaanimum
1561 5133 1782 5207 quoistascrip·

959 5223 1783 5298 sisti‚nunomihidic:Hocopus,utjubeastantum.Eoce

956 5321 1075 5393 jussum
1083 5310 1785 5384 meum:damiinite,sihocopnsesttenlnm;da

959 5409 1087 5467 Domino
1101 5423 1170 5464 meo
1184 5413 1221 5475 te,
1230 5406 1283 5479 qui
1295 5401 1784 5474 omniumnoslrumdominnsest,

991 5562 1027 5626 (c)
1042 5560 1115 5611 Alius
1128 5556 1246 5626 Epistola
1262 5559 1301 5608 li.

1490 5655 1642 5730 (Quotrc.)
