3952 6128
138 159 209 221 {084
769 157 1026 220 atterebantur
1045 159 1189 220 cntssts
1206 162 1258 224 Ν.
1773 154 1844 215 {082

137 284 282 347 divinitus
292 283 963 362 legimusimperatumtscriptumestquidem,
1017 285 1163 347 vulnerati
1178 288 1359 362 sanguinem
1373 288 1481 347 cordis.
1496 291 1529 346 tlt
1547 285 1643 345 scribe
1658 282 1697 343 ed
1711 299 1782 342 eum
1796 299 1847 342 sa·

137 374 278 434 mulieres
290 390 357 432 esse
378 374 489 434 debere
514 376 545 433 iu
558 374 665 434 habitu
688 380 797 434 ornato
818 392 825 444 ;
839 374 965 449 aurique
1016 372 1226 444 tisiactionem,
1240 384 1346 452 petens
1358 376 1604 451 veniamquiaiu
1617 390 1686 432 eum
1699 373 1838 447 peccasti,

137 464 377 538 circumpositio,
394 469 422 521 et
435 465 555 523 intortio
578 467 716 534 crinium,
736 470 765 523 et
787 469 895 523 cetera
911 463 966 520 bu·
1016 462 1099 536 quod
1114 467 1292 538 preterejus
1303 467 1462 524 consilium
1477 465 1690 523 etroleutatem
1707 462 1843 520 derebus

133 553 269 626 jusmodi
281 551 403 627 qumvel
416 553 457 611 ad
468 555 590 612 inanem
605 571 753 628 pompam
763 555 805 613 vel
816 555 854 612 ed
870 553 967 611 illeoe·
1018 553 1076 610 tuis
1090 552 1195 621 iecisti,
1206 554 1596 630 quodlacieudumputasti,
1606 568 1668 610 nou
1678 551 1842 624 utteposoi·

132 641 223 700 brem
235 642 339 700 torma
352 642 489 700 adbiberi
504 643 600 701 solent
613 645 635 711 ¹,
657 645 760 702 merito
783 643 966 716 reprehensa
1017 645 1078 698 teat
1092 642 1228 700 tribuisse
1244 645 1438 718 pauperibus,
1451 645 1503 701 sed
1523 659 1592 701 eum
1606 641 1646 699 tui
1658 640 1726 699 boni
1742 640 1842 713 operis

135 734 206 788 sunt
222 731 250 805 (1
268 731 342 788 Τιίιι.
357 747 388 797 ιι,
408 733 448 803 t).
473 732 528 790 Sed
553 737 597 789 est
620 733 746 807 quidem
767 730 965 806 promodulo
1018 728 1842 804 participemetmoderatorembabereuoluissel’romitte

133 834 274 894 persone
291 819 413 878 babitus
429 821 606 878 matronalis
625 837 643 879 a
662 822 775 880 viduali
800 826 883 879 reste
900 820 965 877 dis·
1017 818 1055 876 de
1069 822 1216 879 ceteroin
1228 823 1375 894 adjutorio
1389 822 1516 888 Domini,
1533 821 1558 878 si
1573 825 1601 877 et
1615 819 1700 876 illum
1711 821 1842 875 seretur-

133 909 255 976 tiuctus,
268 909 320 983 qui
334 909 582 982 potestddelibus
597 912 766 984 conjugatis
787 911 872 969 salva
896 908 964 968 reli·
1017 910 1345 984 pitudinispoeuituerit,
1356 906 1843 982 etcontinentiemquamdeseruit

132 999 230 1071 monis
244 997 436 1057 observantia
454 999 622 1057 conuenire.
644 1003 727 1057 llunc
747 1006 774 1058 te
794 1001 921 1057 maritus
940 997 965 1055 si
1015 1000 1194 1072 repetiverit,
1209 1006 1235 1057 te
1250 1001 1300 1069 illi,
1317 1001 1393 1058 sicut
1404 1002 1499 1072 decet,
1518 1000 1548 1057 in
1561 998 1703 1057 omnibus
1718 996 1842 1053 servitu-

131 1088 285 1174 depouere
300 1087 406 1154 noluit,
424 1102 462 1145 ne
477 1093 504 1145 te
525 1088 607 1147 velut
630 1089 754 1148 viduam
772 1089 823 1147 illo
846 1089 965 1147 visente
1016 1104 1082 1146 rem
1096 1105 1104 1157 ;
1120 1104 1157 1146 ue
1170 1089 1254 1159 torte,
1272 1096 1305 1146 ut
1320 1091 1362 1148 ait
1375 1089 1546 1163 Apostolus,
1562 1088 1614 1145 det
1626 1087 1668 1144 illi
1688 1090 1764 1144 [teus
1776 1101 1843 1157 poe·

130 1177 271 1245 lactares,
287 1183 361 1252 puto
376 1178 523 1252 quianon
536 1178 632 1237 tuerat
645 1180 676 1236 in
690 1180 748 1237 bac
760 1195 792 1237 re
809 1193 904 1253 usque
924 1177 964 1235 ed
1015 1178 1181 1245 nitentium,
1196 1182 1225 1234 et
1236 1179 1391 1252 resipiscat
1413 1180 1451 1236 de
1469 1178 1583 1237 diaboli
1601 1176 1727 1250 laqueis,
1750 1188 1842 1248 equo

131 1265 329 1324 dissensionis
345 1267 524 1325 scandalum
545 1267 768 1340 perducendus,
789 1267 887 1341 magis
901 1266 964 1324 ino·
1016 1267 1152 1342 captivus
1172 1272 1287 1325 tenetur
1301 1268 1470 1325 secundum
1495 1268 1590 1342 ipsius
1606 1266 1790 1324 voluntatem
1806 1264 1841 1334 (ll

130 1355 289 1414 bedientioe
306 1355 396 1422 malo,
420 1370 514 1429 quem
536 1356 626 1413 ultius
653 1356 841 1414 abstinentia
869 1356 961 1412 bono.
1016 1357 1090 1414 Tim.
1107 1372 1136 1424 ιι,
1152 1357 1197 1424 25,
1212 1356 1269 1430 26).
1285 1357 1390 1415 Filium
1404 1362 1505 1415 autem
1531 1360 1673 1421 vestrum,
1696 1352 1841 1427 quoniam

131 1444 209 1512 Quid
218 1445 299 1502 enim
309 1443 533 1511 estabsurdius,
543 1461 637 1519 quam
647 1445 803 1502 mulierem
812 1443 962 1502 dehumili
1015 1445 1053 1503 de
1081 1446 1220 1518 legitimis
1233 1462 1304 1504 cum
1324 1453 1352 1505 et
1370 1447 1505 1505 honestis
1518 1445 1630 1519 nuptiis
1653 1442 1841 1517 suscepistis,

130 1538 214 1592 veste
229 1535 294 1592 viro
310 1534 475 1607 superbire,
485 1535 534 1592 cui
545 1541 571 1591 te
580 1535 680 1608 potius
692 1534 841 1608 expediret
851 1533 963 1592 obtem·
1016 1535 1113 1607 magis
1131 1537 1163 1592 in
1175 1536 1269 1609 patris
1283 1552 1376 1610 quam
1402 1535 1432 1593 iu
1447 1541 1499 1593 tua
1523 1550 1588 1591 esse
1601 1536 1749 1607 potestate
1774 1530 1843 1604 quis

130 1638 236 1696 perere
255 1623 394 1680 candidis
408 1622 553 1690 moribus,
569 1639 665 1697 quam
691 1623 806 1694 nigellis
831 1622 962 1680 vestibus
1016 1624 1156 1682 nesciat?
1173 1627 1204 1682 at
1218 1625 1287 1682 ideo
1301 1624 1327 1681 ei
1342 1626 1446 1696 negari
1458 1640 1519 1681 nou
1533 1627 1642 1697 potest,
1658 1620 1841 1692 ubicumque

127 1726 298 1787 repugnare
309 1714 323 1771 t
333 1713 410 1779 Quia
421 1713 474 1769 etsi
484 1719 511 1770 te
521 1712 733 1770 indumentum
744 1712 901 1770 monache
912 1710 962 1768 de·
1014 1713 1099 1770 illum
1111 1728 1176 1771 esse
1190 1714 1373 1785 cognouerit,
1387 1719 1416 1771 et
1438 1715 1508 1787 jure
1523 1710 1713 1785 poposcerit:
1730 1725 1766 1767 ao
1788 1723 1843 1782 per

128 1802 268 1868 lactabat,
279 1803 369 1860 etiam
382 1803 440 1860 boc
449 1802 561 1874 gratius
574 1807 675 1876 posset
683 1802 792 1860 marito
801 1801 961 1858 observato
1014 1802 1072 1860 hoe
1085 1808 1116 1860 ut
1128 1803 1296 1860 secuudum
1322 1807 1404 1860 tuam
1419 1802 1604 1860 uoluntatem
1619 1801 1650 1856 in
1674 1799 1725 1857 ltei
1750 1796 1844 1871 possit

128 1898 313 1966 exoratoque
324 1892 415 1955 sumi,
427 1907 521 1966 quam
536 1890 587 1948 illo
616 1890 787 1948 inconsulto
804 1895 962 1962 contemp·
1013 1892 1119 1950 nutriri
1130 1896 1157 1949 et
1168 1892 1279 1949 erudiri
1291 1892 1448 1967 sapientie,
1460 1889 1684 1948 necessariaest
1698 1886 1738 1944 itti
1751 1887 1842 1944 etiam

130 1987 220 2054 toque
232 1981 384 2055 presumi.
402 1979 524 2047 Quodsi
541 1981 665 2039 omuino
679 1995 741 2037 nou
752 1980 870 2046 sineret,
886 1977 961 2052 quid
1014 1985 1113 2039 vestra
1126 1980 1299 2038 concordia.

131 2073 182 2127 tuo
198 2069 353 2143 proposito
372 2068 520 2142 deperiret
535 2071 549 2128 i
564 2069 648 2126 Absit
660 2074 693 2126 ut
706 2069 777 2126 binc
791 2067 961 2141 displiceres
1229 2069 1398 2128 nrtsrott
1415 2067 1562 2127 CCLlllll·
1577 2067 1629 2140 (a).

128 2160 198 2227 Deo,
214 2157 297 2232 quod
311 2158 441 2230 conjuge
455 2161 507 2216 tuo
522 2159 660 2216 noudum
680 2157 832 2224 defuncto,
847 2157 961 2214 nonin·
1013 2159 1199 2231 Augustinus
1214 2158 1336 2229 Sapide
1348 2158 1465 2230 uirgini,
1486 2156 1637 2215 enuntiat
1653 2169 1683 2212 se
1698 2151 1843 2226 accepbse

127 2246 261 2304 ducrerie
277 2247 459 2319 sioutAnna,
477 2246 530 2303 sed
545 2247 621 2304 siout
633 2249 781 2304 Susanna.
1050 2249 1180 2306 tunicum
1197 2248 1290 2320 ipsius
1302 2248 1439 2306 masters
1458 2250 1628 2304 coetestem
1638 2242 1743 2315 fratri,
1757 2257 1843 2316 quem

161 2336 205 2393 lo.
219 2338 319 2409 Neque
330 2335 410 2392 enim
423 2340 451 2394 et
467 2335 525 2401 ille,
537 2336 588 2409 qui
610 2340 708 2393 tecum
730 2335 795 2407 iam
823 2336 956 2408 cuperat
1049 2337 1275 2408 tpeemorsuum
1292 2337 1635 2409 tuqeoemcmqoeeam,
1646 2331 1843 2407 quoaSoptcto

126 2424 346 2483 custodiretam
354 2440 499 2496 maguum
508 2425 699 2481 continentie
711 2423 960 2490 bonum,etiamsi
1047 2425 1176 2497 prebere·
1186 2426 1389 2484 silicolutr‘um
1409 2425 1584 2496 expetierat,
1597 2423 1743 2480 induisse:
1763 2424 1844 2479 carte·

126 2514 283 2586 conjugale
298 2528 359 2570 non
372 2512 492 2570 viduale
508 2513 652 2572 voluisset
667 2518 699 2570 ut
713 2512 961 2586 acciperesiodu·
1048 2512 1844 2586 rumedtortassodutetoremuetorenqcecomotc-

126 2608 272 2670 mentum,
285 2603 323 2659 ad
334 2602 521 2660 indecentem
532 2618 656 2676 quoque
669 2607 696 2658 te
710 2601 903 2676 compulisset
913 2617 959 2659 or·
1049 2610 1160 2663 tronem
1166 2605 1419 2674 usurpaadcmee
1436 2604 1665 2675 scripturarum
1671 2601 1845 2660 diuinorum

127 2697 232 2749 natum
242 2709 249 2748 ε
260 2707 321 2766 quo
336 2692 390 2749 etsi
401 2691 504 2765 alique
519 2691 596 2749 dura
616 2692 788 2749 conditione
801 2692 958 2763 cogereris,
1046 2693 1120 2764 fide.

126 2797 234 2855 posses
244 2781 356 2838 habere
370 2781 400 2838 in
414 2782 546 2854 superbo
563 2780 829 2839 cultucorbumile.
846 2783 959 2853 Nempe
1013 2780 1148 2839 Dominae
1160 2781 1394 2853 religiosissimae
1409 2787 1439 2839 et
1454 2786 1565 2840 sanctae
1575 2780 1644 2838 filiae
1654 2781 1771 2850 Serius,
1787 2783 1841 2836 tlu-

127 2868 326 2943 epudpatres,
343 2869 501 2927 Estherilla
511 2870 617 2940 regina
627 2869 722 2925 Derim
734 2869 851 2935 timeus,
865 2871 958 2926 [teum
1211 2886 1343 2928 cusrruus
1357 2870 1519 2928 inliomiuo
1528 2871 1666 2927 salutem.

126 2958 238 3026 colens,
254 2960 314 3017 Deo
329 2959 460 3024 subdita,
490 2959 597 3016 marito
622 2958 685 3029 regi
708 2957 883 3032 alienigene
897 2973 959 3015 nou
1048 2957 1845 3034 t.accepiquoddejustisetptisteboribusmenuum

127 3047 269 3107 eumdem
282 3064 385 3107 secum
399 3048 508 3105 colenti
524 3051 627 3114 Deum,
640 3052 740 3105 tamen
756 3047 959 3119 subjectaser·
1012 3054 1134 3107 tuarum
1145 3064 1193 3106 me
1200 3048 1336 3122 accipere
1343 3048 1472 3115 voluisti,
1483 3064 1519 3105 ne
1525 3052 1553 3104 te
1559 3045 1683 3118 gravius
1689 3045 1844 3102 contriste-

125 3136 227 3195 riebat
238 3154 322 3211 ;quae
335 3153 404 3194 cum
415 3137 446 3192 iu
460 3142 593 3194 extremo
604 3136 747 3208 periculo,
761 3140 958 3193 nonsuotau·
1011 3153 1086 3204 rem,
1098 3153 1191 3211 quem
1202 3136 1302 3210 potius
1317 3134 1535 3194 consolandam
1548 3133 1701 3191 viderem:
1717 3146 1843 3207 preser-

126 3229 201 3293 tum,
215 3226 269 3282 seat
283 3226 374 3283 etiam
389 3227 485 3296 gentis
496 3240 568 3292 sure,
582 3226 633 3299 qui
650 3230 721 3282 tuuc
747 3229 810 3282 erat
824 3225 958 3298 populus
1011 3228 1065 3286 tim
1079 3227 1221 3301 quiahoc
1235 3226 1335 3301 ipsum
1348 3231 1434 3283 tuum
1450 3241 1511 3282 nou
1536 3239 1667 3297 parvum
1692 3221 1844 3296 deputasti

128 3315 187 3380 ltei,
198 3314 324 3371 Domino
335 3313 808 3386 prosternereturoraudo,inipsa
818 3313 956 3370 oratioue
1012 3332 1078 3374 esse
1094 3315 1246 3383 solatium,
1263 3316 1286 3373 si
1300 3331 1379 3383 eam,
1393 3331 1486 3389 quam
1502 3328 1647 3388 germano
1670 3317 1721 3370 tuo
1740 3316 1845 3370 sancto

128 3419 185 3460 sua
197 3404 277 3468 dixit,
293 3403 334 3458 ita
347 3402 403 3458 sibi
419 3417 485 3458 esse
500 3407 640 3459 ornatum
654 3403 781 3476 regium,
796 3402 872 3459 siout
885 3418 958 3475 peu·
1012 3406 1061 3462 Dei
1076 3406 1211 3463 ministro
1234 3404 1345 3462 ieceras
1371 3406 1514 3469 tunicam,
1530 3418 1586 3477 ego
1609 3401 1768 3468 iuduerer;
1787 3415 1846 3459 cua

125 3506 201 3547 uum
216 3490 428 3548 menstrualem
438 3491 627 3563 (llstlterxrs,
645 3492 687 3562 16)
703 3499 751 3560 ;et
764 3491 805 3548 ite
819 3496 957 3549 orantem
1010 3495 1074 3567 jam
1089 3511 1108 3552 a
1123 3499 1200 3551 terra
1216 3495 1407 3551 morientium
1419 3494 1562 3550 recedens
1573 3491 1664 3549 nullis
1676 3490 1767 3548 rebus
1781 3504 1846 3546 cor·

127 3578 960 3654 contestimexaudivit,quicordisinspectoreemverum
1011 3583 1204 3659 ruptibilibus
1219 3584 1373 3656 indigeret.
1391 3583 1456 3639 Feci
1470 3598 1542 3653 ergo
1558 3580 1641 3656 quod
1656 3578 1843 3648 desiderasti,
1923 3633 1928 3641 .

128 3667 226 3725 dicere
242 3667 336 3723 scirit.
351 3670 384 3724 lit
398 3667 959 3742 utiquemaritumlrabebatmultarum
1012 3679 1041 3730 et
1055 3672 1274 3748 qualecumque
1287 3673 1344 3729 boo
1359 3672 1587 3741 existimaveris,
1597 3667 1845 3744 velquautulum·

129 3757 289 3815 mulierum
298 3756 571 3825 virum,etdeorum
579 3756 960 3830 alienorum-ielsorumque
1013 3777 1144 3835 eumque
1157 3762 1309 3828 solatium,
1320 3767 1370 3819 tuo
1381 3776 1452 3833 erge
1463 3761 1584 3818 tratrem
1598 3760 1708 3832 pectori
1720 3774 1781 3814 nou
1792 3774 1845 3816 ue·

129 3845 284 3903 cultorem.
296 3845 340 3901 Tu
354 3849 454 3902 autem
468 3846 492 3901 si
507 3850 537 3901 et
548 3844 595 3903 ille
610 3845 641 3903 iu
653 3846 805 3919 proposito
820 3845 902 3918 quod
919 3850 961 3902 te·
1013 3850 1092 3922 gavi.
1105 3850 1229 3906 Missam
1238 3849 1329 3907 abste
1343 3850 1474 3906 tunicam
1485 3848 1598 3921 accepi,
1610 3846 1770 3921 etquaudo
1780 3846 1846 3903 baso

130 3949 199 3991 cum
211 3938 393 4007 susceperat,
409 3935 594 4007 perduraret,
615 3949 704 3991 neca
727 3938 755 3991 te
778 3932 913 3991 odensus
928 3934 960 3990 in
1013 3935 1845 4011 adtescripsi‚eemerestrrejamcoeperamltonoauimo

129 4020 277 4092 flagitium
291 4020 461 4085 corruisset,
478 4021 619 4079 maritum
636 4021 772 4078 habebas
785 4038 846 4079 uon
862 4021 961 4080 solum
1013 4018 1099 4093 e'st03
1115 4026 1168 4083 sed
1183 4026 1278 4083 multo
1292 4026 1475 4093 melioribus,
1501 4024 1657 4098 multoque
1679 4024 1845 4096 majoribus

130 4109 261 4178 fidelem,
273 4115 301 4167 et
316 4126 421 4168 verum
436 4109 799 4178 Deumtecumoolentem,
812 4111 961 4170 sedetiam
1014 4114 1847 4183 consolationibusutere,utuubitumtuieordisbumena

131 4200 352 4268 coutinentem;
368 4200 421 4272 qui
431 4198 636 4272 proculdubio
647 4200 891 4274 propositisestri
901 4216 962 4258 uon
1014 4204 1185 4263 infirmitate
1192 4203 1845 4271 conuectum,sereneturauctoritatediriua:

132 4288 300 4360 immemor,
317 4288 372 4346 etsi
383 4287 758 4361 adconjugalieteeogeret
772 4288 961 4356 indumenta,
1014 4299 1043 4352 et
1059 4298 1281 4368 perseveranter
1291 4293 1332 4351 ita
1342 4294 1419 4357 rire,
1433 4298 1465 4350 ut
1475 4308 1544 4350 cum
1557 4292 1646 4350 fratre
1662 4293 1744 4349 rivas
1754 4309 1761 4361 ;
1771 4307 1848 4364 quo-

132 4377 172 4436 ad
184 4376 315 4450 superba
330 4382 431 4435 tamen
447 4382 630 4435 ornamenta
645 4393 705 4436 non
721 4384 849 4451 cogeret.
1016 4384 1099 4442 niam
1114 4385 1156 4441 sie
1168 4387 1305 4439 morttms
1321 4386 1367 4439 est
1381 4386 1452 4438 tuus
1464 4381 1562 4447 irater,
1578 4385 1610 4438 nt
1626 4378 1719 4436 vivat.

172 4471 212 4523 tt.
230 4465 298 4524 llaec
314 4466 367 4523 tibi
380 4466 495 4539 scripsi,
511 4467 657 4541 quoniam
682 4483 730 4525 me
742 4468 964 4526 consulendum
1051 4471 1264 4545 2.lletquidem
1273 4467 1847 4542 materieslacrymarum,quodgerma-

133 4555 255 4628 putasti,
272 4570 333 4613 uon
349 4560 382 4612 ut
395 4560 482 4612 tuum
497 4562 612 4614 rectum
638 4556 808 4615 institutum
825 4571 965 4614 sermone
1016 4559 1271 4617 numdilectorem
1282 4563 1376 4626 tuum,
1389 4562 1475 4630 teque
1483 4557 1646 4630 plurimum
1657 4571 1713 4628 pro
1723 4561 1775 4613 tua
1784 4555 1846 4613 rita

132 4660 199 4702 meo
214 4643 393 4716 frangerem,
409 4645 463 4701 sed
475 4645 558 4718 quod
574 4650 600 4702 te
615 4645 774 4702 inorditate
794 4652 824 4703 ct
846 4647 965 4703 incaute
1016 4652 1045 4706 et
1058 4663 1150 4705 sacrm
1164 4643 1846 4719 virginitatisprotessionereverentem,diaoo·

133 4739 250 4806 agente,
262 4734 316 4790 viri
327 4732 538 4804 tuiiactum(a)
549 4732 693 4790 dolerem.
708 4734 965 4807 ltecujusrepara-
1017 4753 1088 4795 num
1104 4735 1344 4807 carthaginensis
1361 4734 1497 4792 Ecclesiae
1511 4748 1573 4791 nou
1588 4734 1682 4799 vides,
1698 4733 1775 4791 siout
1798 4746 1846 4790 so·

133 4824 211 4880 tione
221 4822 309 4880 debes
317 4821 579 4880 vehementissime
586 4821 756 4895 cogitare,si
764 4837 830 4878 vere
839 4822 877 4880 ad
886 4821 966 4879 Chri·
1017 4826 1112 4891 lebas,
1127 4824 1285 4882 intrantem
1300 4828 1330 4881 et
1340 4829 1508 4889 exeuntem,
1517 4827 1546 4880 et
1556 4823 1586 4880 iu
1597 4822 1643 4879 sui
1653 4820 1844 4879 ecclesiastici

127 4896 213 4968 ‘stum
229 4912 273 4966 vis
286 4912 441 4984 pertinere.
456 4910 660 4983 ludueitaque
672 4911 874 4967 bumilitatem
882 4926 966 4968 meu·
1017 4913 1107 4973 officii
1122 4912 1294 4971 strenuitate
1306 4918 1493 4981 versantem
1510 4917 1540 4970 et
1556 4911 1720 4970 honorilice
1741 4909 1791 4967 illa
1805 4908 1846 4967 ab

136 5001 185 5066 tis,
203 5005 232 5057 et
255 5004 287 5056 ut
302 5006 329 5057 te
351 5003 426 5058 Deus
458 5005 614 5058 conservet
635 5004 888 5073 perseverantem,
904 4998 969 5072 noli
1017 5019 1053 5061 eo
1069 5002 1158 5060 rerba
1173 5017 1233 5060 uon
1250 5002 1348 5070 audis,
1364 5018 1433 5076 quse
1457 5006 1513 5060 tuae
1536 5001 1740 5076 germanitatis
1760 5012 1846 5056 seoc-

137 5090 274 5147 maritem
282 5093 471 5146 contemnere
479 5092 662 5162 pereuntem.
674 5088 775 5146 Firude
782 5104 834 5161 pro
841 5087 890 5147 illo
901 5088 967 5163 pias
1018 5092 1104 5161 titati,
1114 5092 1272 5163 morigero,
1283 5091 1511 5166 pioetolticioso
1523 5090 1717 5166 impendebat
1727 5088 1844 5147 ellectu.

138 5183 167 5236 et
180 5178 322 5236 assiduas
336 5179 497 5251 orationes,
511 5177 806 5250 saorifioalaorymas
820 5184 967 5253 tanquam
1018 5182 1087 5239 lloec
1110 5196 1179 5237 cum
1200 5183 1378 5253 cogitantur,
1403 5187 1430 5238 et
1453 5179 1681 5238 consuetudinis
1704 5176 1846 5237 violentia

169 5297 177 5329 ¹
191 5294 233 5344 Sic
247 5293 311 5345 llud.
327 5295 423 5344 Amet
438 5293 852 5404 llr.qnibussutlreganturldss.
866 5308 966 5362 magno
1017 5270 1175 5345 f⁰q¹¹ifi²¹¹¹¹
1194 5270 1310 5345 (⁶)200r
1330 5270 1484 5343 punssiiffl's
1504 5274 1533 5328 0²
1554 5274 1699 5343 ‘anquam
1722 5266 1845 5338 ⁸⁸¹¹8¹¹i¹

138 5370 281 5415 consensu,
300 5355 490 5428 nisiquodGal
503 5356 643 5407 ichabeut
656 5358 787 5414 ordinato,
802 5372 851 5422 pro
859 5365 966 5410 emoto.-
1018 5359 1116 5418 eor-dis
1127 5359 1213 5417 fletus
1225 5360 1366 5418 exoritur.
1379 5359 1437 5417 Sed
1451 5375 1572 5417 sursum
1587 5359 1626 5416 sit
1639 5372 1700 5428 cor,
1723 5362 1753 5415 et
1773 5355 1845 5414 sioni

140 5422 174 5468 tlt
184 5419 257 5488 apud
269 5418 332 5468 Lov.
342 5431 381 5468 erc
391 5419 465 5469 locus
475 5420 523 5469 iste
537 5418 650 5470 retertur
661 5435 667 5471 :
679 5419 807 5484 Scriptum
816 5427 855 5494 ert¹
865 5422 965 5485 quidem

139 5483 259 5531 metueres
274 5494 330 5553 esse·
341 5493 394 5529 ooo
409 5481 497 5554 debere
509 5482 538 5555 ise
562 5482 652 5555 tabita
661 5488 775 5556 nemeto.
794 5497 903 5548 aureque
917 5485 965 5534 eir·

139 5546 379 5616 eameomposstsoss
400 5548 424 5592 et
437 5547 578 5593 setortsose
598 5559 719 5604 ererum,
746 5550 770 5598 st
786 5550 876 5597 cetero
900 5562 965 5612 qm,
1048 5547 1058 5567 ·
1074 5545 1135 5618 rtou¹
1146 5548 1251 5634 repertu
1266 5545 1293 5595 in
1309 5544 1384 5603 llas..
1397 5544 1709 5668 exceffirtrarz‘ontgq'tgo⁸2³0

140 5609 208 5733 etia}
222 5605 672 5739 fr'ossssssa'effflss‘f‘ffieffle‘ctum
687 5671 842 5725 institutum
856 5671 916 5723 riri.
1058 5611 1086 5736 ἶ),
1096 5607 1326 5729 222³&quoe
1336 5607 1457 5753 ‘mimz
1711 5643 1717 5659 ⁸
