3952 6128
147 114 219 177 '033
781 114 1035 177 EPISTOLARUH
1053 116 1198 177 classis
1217 118 1269 179 111.
1825 116 1881 177 884

162 242 499 320 flammescatis
509 248 632 319 estque
646 244 749 315 voluit,
758 246 898 320 nunquia
906 243 994 303 debe·
1048 259 1113 300 sua.
1123 245 1200 302 sane
1210 243 1329 303 codices
1338 242 1558 303 emendatiores
1567 245 1597 301 et
1606 241 1741 303 electoris
1751 243 1879 303 auctori·

162 332 358 393 batueanue
370 332 517 403 est,Scoto
529 334 612 391 boica
622 335 769 392 volantati
781 340 838 391 tua
847 333 996 391 coronasti
1049 331 1127 398 tatis,
1144 350 1205 391 non
1220 334 1344 400 habent,
1366 334 1531 391 voluntates
1544 348 1623 399 saus,
1635 332 1699 399 sed,
1711 333 1879 391 voluntates

160 422 322 496 aoslPsat.
333 439 363 491 v,
377 421 423 494 ts)
437 440 444 490 ;
458 430 496 489 et,
508 423 545 480 la
558 425 711 482 voluntate
724 430 777 481 tua
789 423 996 482 deduxistime
1047 437 1144 493 meus,·
1154 422 1238 495 quod
1252 423 1438 480 tantumdem
1449 422 1537 489 valet,
1548 423 1619 496 quia
1629 437 1665 479 ex
1677 437 1806 495 persona
1817 421 1878 480 Filii

161 509 259 581 (Psoi.
271 526 362 578 cxxii,
376 512 423 582 ti)
440 526 448 577 ;
464 517 503 575 et,
525 511 699 569 Voluntaria
720 513 824 583 aenait
838 526 892 568 aas
907 510 994 568 ocrim
1047 510 1166 568 dicitur.
1178 512 1244 584 lpse
1258 512 1371 585 quippe
1385 512 1527 584 loquitur.
1539 527 1630 584 quem
1650 511 1742 568 verbe
1756 511 1807 569 illa
1820 511 1879 568 evi-

162 599 303 660 ceritatis
315 599 428 670 (iacobi
441 615 461 667 ι,
484 600 526 671 ιι)
543 618 551 671 ;
572 605 610 668 et,
628 601 765 658 Piaoiam
791 600 995 658 uoluntariam
1048 600 1153 658 denter
1165 599 1688 673 ostendunt,quibusetApostoliusi
1699 603 1769 657 sunt
1783 619 1790 657 :
1803 600 1878 662 Noa

162 702 335 761 ncrepavit,
351 690 438 755 Deus,
455 689 624 746 hereditati
639 696 696 746 tace
711 690 806 762 (Psoi.
821 705 907 754 cxvii,
927 690 993 757 to);
1047 689 1234 763 dei·eiiaques
1257 690 1389 747 animam
1405 704 1499 747 arcam
1514 689 1546 745 in
1566 689 1699 758 interae,
1724 703 1779 746 aec
1793 688 1879 746 dabis

163 783 204 845 et,
219 777 362 835 Dictaeas
381 779 507 848 proptia
527 778 685 850 uuicuique
696 786 784 848 prout
807 779 869 835 outt
886 780 906 848 (l
925 779 993 834 Cor.
1047 785 1184 836 sanctam
1202 786 1285 837 tuam
1300 780 1400 837 uiuere
1413 778 1634 848 corruptionem
1651 777 1728 849 (Act.
1745 795 1774 847 u,
1792 782 1837 848 31,
1850 783 1879 836 et

161 882 216 933 ιιι,
232 865 274 938 tl)
290 883 297 932 ;
312 867 656 924 eteliainnumerabilla.
673 868 807 934 Proinde,
823 868 995 937 Mirificaoit
1047 883 1109 935 xm,
1123 868 1179 940 35).
1195 868 1305 925 Eadem
1319 873 1391 925 sunt
1403 868 1504 941 utique
1520 882 1643 922 munera
1665 866 1767 937 gratiae
1783 866 1878 923 Patris

161 970 264 1013 omues
279 956 445 1013 uoluntates
457 972 527 1013 suas
543 958 575 1014 ia
595 957 670 1023 iltis,
690 958 721 1013 in
736 957 849 1030 quibus
880 957 937 1013 nisi
963 957 993 1012 in
1047 962 1076 1013 et
1092 956 1152 1013 Filii
1167 964 1195 1014 et
1209 958 1336 1031 Spiritus
1350 958 1445 1014 sancti
1462 962 1512 1023 ;et
1526 955 1594 1012 ideo
1609 954 1772 1013 rectissime
1793 958 1822 1013 et
1835 955 1877 1014 l'i·

162 1045 276 1101 sanctis
288 1046 341 1118 qui
355 1044 385 1100 in
402 1050 476 1103 terra
488 1047 629 1118 suntejus
645 1047 659 1101 ‘l
675 1047 702 1103 Si
716 1047 797 1104 enim
814 1050 901 1114 terra,
918 1045 995 1102 sicut
1049 1044 1108 1101 lius
1124 1061 1176 1103 eas
1193 1051 1289 1118 potest
1302 1047 1401 1103 dicere
1416 1047 1586 1105 ootaatates
1600 1059 1681 1102 suas.

162 1149 258 1205 ⁸¹¹Pf⁸
271 1134 469 1234 ⁰⁸f⁰¹¹dlm¹¹⁸s
489 1141 586 1208 P⁰²0³²
602 1136 697 1209 Mili)i
721 1136 751 1192 1¹¹
766 1135 859 1235 ΜΨ
891 1140 931 1235 fi·
943 1134 994 1191 ”bi
1083 1162 1109 1217 9.
1127 1163 1213 1228 Quod
1233 1178 1303 1219 vero
1318 1163 1348 1219 in
1365 1162 1482 1235 psalmo
1497 1160 1749 1235 quinquagesimo
1771 1165 1879 1218 octavo

162 1237 226 1280 ⁰⁰¹¹
238 1222 376 1280 flddstum
386 1228 446 1321 ,We
463 1226 543 1295 ‘jub'
554 1231 668 1323 (1ῑῖἆῦῑο
686 1225 783 1296 [1138ῑῦ
798 1224 848 1281 ⁰¹³¹
873 1224 993 1291 d¹⁰¹t¹¹fr
1047 1248 1085 1304 de
1096 1250 1209 1306 iudeis
1224 1249 1406 1321 intelligitur,
1421 1250 1603 1307 dicente.Ne
1616 1250 1757 1308 occideris
1771 1265 1828 1316 eos,
1842 1264 1881 1307 ae

162 1318 247 1369 “m
256 1313 343 1383 ΨΜ
358 1312 446 1368 M¹f³⁸
460 1313 609 1384 ⁶¹80100¹¹
624 1329 729 1370 ⁰m⁰⁰⁸
742 1314 911 1370 V⁰¹¹¹¹¹m⁸⁸
923 1329 993 1369 ⁵⁰⁸⁸
1047 1339 1168 1411 qccaado
1179 1340 1396 1397 obtiviscantur
1406 1341 1491 1411 Locis
1502 1346 1572 1410 tua,
1582 1339 1792 1395 convenienter
1806 1338 1880 1399 mibi

162 1399 195 1457 in
210 1399 267 1456 illis
279 1417 285 1456 :
298 1401 391 1458 miras
406 1401 529 1457 omniuo
549 1402 627 1471 lecit,
651 1403 724 1475 quie
739 1418 791 1459 eos
804 1417 839 1459 ex
854 1403 994 1474 despere-

163 1490 246 1548 tione
261 1489 435 1547 mirabiliter
448 1490 592 1548 liberavit.

200 1585 227 1635 7.
240 1580 281 1636 Ex
297 1579 353 1636 hac
368 1579 567 1637 admiratione
582 1580 729 1637 exclamat
738 1581 957 1653 apostostolus,
970 1581 994 1637 0

163 1669 297 1728 altitudo
305 1669 481 1726 divitiarum
490 1671 810 1739 sapientiaetscieatia
817 1672 890 1728 Dei!
902 1687 994 1742 snpra

161 1760 279 1832 quippe
289 1757 414 1824 dixerat,
429 1758 667 1816 Coactasiteaim
678 1761 876 1818 Deusomaes¹
888 1761 993 1830 ininfi-

161 1848 299 1916 delitate,
314 1854 347 1903 at
363 1848 495 1904 omniura
512 1850 690 1905 misercatur
705 1850 799 1920 (Rom.
818 1866 858 1915 ιι,
874 1849 918 1916 33,
936 1850 992 1923 32).

162 1938 240 1995 Nam
252 1935 310 1993 hoc
323 1937 412 1993 etiam
426 1936 472 1992 hic
485 1937 637 2009 sequitur:
650 1938 862 2007 nultiplicata
871 1946 941 1995 sciat
950 1941 993 1994 ia·

161 2026 320 2097 firmitates
341 2041 441 2082 eoram
457 2041 470 2096 ,·
481 2034 584 2095 postea
598 2028 852 2084 acceieraverunt.
870 2027 994 2083 lniirmi-

163 2120 241 2173 tates
261 2115 363 2188 posuit
383 2116 587 2186 propeccatis,
604 2116 679 2172 sicut
690 2115 728 2171 ad
740 2119 891 2172 Romanos
904 2116 995 2188 Apos-

164 2204 245 2262 tolus
261 2203 344 2269 dicit,
358 2203 392 2260 Si
405 2203 482 2261 caim
494 2204 640 2271 Christus,
657 2220 723 2261 cura
740 2206 855 2274 infirmi
868 2220 995 2262 essemus

161 2292 369 2364 aditurjaata
384 2299 498 2363 tempus
521 2309 577 2362 pro
593 2294 691 2363 impiis
708 2302 841 2350 iuortuas
856 2302 898 2351 est
913 2314 924 2351 :
939 2294 994 2351 bos

162 2382 238 2439 dixit
247 2381 385 2438 infirmos
395 2383 600 2455 quosimpios.
614 2383 722 2439 Deinde
734 2382 825 2453 paulo
836 2391 905 2456 post
914 2399 996 2439 eam·

161 2469 233 2528 dem
242 2470 421 2527 sententiam
430 2474 576 2543 repetens,
586 2473 994 2545 Ciimmeodat,inquit,saam

162 2559 342 2618 charitatem
351 2561 430 2617 Deus
442 2563 472 2616 ia
482 2561 574 2628 nobis,
588 2561 727 2632 quoniam
739 2577 805 2618 cam
818 2561 918 2619 adbuc
929 2576 995 2631 pec·

162 2656 280 2708 catores
295 2664 431 2714 essemus,
449 2649 580 2707 Carisius
604 2666 660 2720 pro
682 2651 765 2708 nobis
779 2658 914 2708 mortuas
928 2658 969 2708 cst
984 2666 993 2707 :

160 2754 241 2812 quos
249 2738 386 2796 infirmos
398 2754 501 2810 supra,
513 2755 564 2796 eos
576 2739 624 2796 hio
636 2747 808 2812 peccatores
820 2739 993 2813 appellavit.

162 2828 237 2885 ltem
252 2829 282 2885 in
299 2828 552 2898 consequentibns
570 2829 627 2884 boc
642 2829 721 2885 idem
737 2828 803 2886 aliis
819 2829 918 2887 verbis
931 2846 995 2886 ver-

166 2933 249 2982 sans,
262 2918 298 2975 Si
311 2917 388 2974 enim
402 2932 468 2974 caat
488 2917 603 2974 inimici
615 2933 752 2983 essemus,
767 2919 873 2992 iuquit,
889 2934 995 2977 recon-

163 3007 263 3064 ciiiati
278 3021 380 3063 samus
395 3007 455 3063 Deo
468 3021 524 3075 per
536 3013 660 3064 mortem
675 3008 748 3064 Filii
759 3012 823 3079 ejas
847 3008 905 3080 (la.
922 3023 949 3074 v,
966 3012 992 3074 ι,

163 3098 189 3163 8,
203 3094 261 3163 ιθ).
272 3099 314 3150 Ac
329 3095 450 3167 perboc
463 3095 494 3151 iu
507 3111 543 3152 ee
558 3096 640 3169 quod
651 3097 764 3153 dictum
780 3103 834 3164 est,
847 3096 994 3167 Multipli-

165 3190 241 3242 cata
256 3190 325 3240 sant
341 3184 531 3253 infirmitates
547 3199 658 3251 eoram,
676 3185 880 3254 intelliguntur
894 3186 994 3243 multi-

165 3272 276 3347 plicata
297 3279 420 3344 peccate
443 3288 558 3329 eorum.
574 3277 629 3330 lex
654 3275 733 3331 enim
759 3274 945 3341 subintravit,
963 3280 995 3332 ut

164 3359 336 3419 abundaret
351 3360 494 3418 delictum
511 3379 517 3417 ε
534 3361 747 3434 sedquoniam
764 3362 814 3419 ubi
830 3362 996 3421 abundavit

163 3450 319 3515 delictum,
334 3450 592 3522 superabundavit
603 3451 699 3522 gratia
714 3452 848 3524 (ibidem,
860 3453 917 3525 nu),
927 3454 994 3510 ideo

161 3546 265 3611 postea
278 3540 533 3597 acceieraverunt.
547 3539 610 3597 Non
633 3541 713 3596 enim
728 3542 809 3598 venit
824 3541 871 3597 ille
887 3557 994 3599 vocare

160 3629 269 3701 justos,
286 3628 338 3685 sed
355 3635 549 3701 peccatores:
570 3630 642 3701 quia
665 3646 726 3686 non
750 3636 795 3686 est
817 3647 894 3702 opus
911 3633 993 3688 sanis

161 3717 311 3783 medicus.
321 3718 373 3775 sed
383 3719 601 3790 aegrotantibus
610 3720 731 3789 (Mattio.
744 3737 782 3786 ix,
795 3722 837 3784 13,
847 3722 891 3792 to)
903 3737 910 3787 ;
920 3737 994 3794 quo·

160 3822 228 3864 rum
254 3806 364 3864 seilicet
380 3808 585 3880 multiplicatae
601 3813 670 3864 sunt
682 3808 881 3868 infirmitates.
898 3816 929 3866 ut
951 3809 994 3865 eis

161 3895 307 3952 sanandis
321 3901 399 3952 esset
416 3897 585 3954 neccssaria
609 3902 696 3953 tantoe
712 3898 816 3965 gratim
832 3897 993 3967 medicina,

161 3990 189 4041 et
199 3984 249 4040 cui
257 3984 448 4041 dimittuntur
460 3991 584 4058 peccatu
597 3986 843 4058 multa,diligerel
854 3986 993 4043 multum.

196 4073 223 4128 8.
235 4072 296 4128 Hoc
308 4073 383 4129 cinis
392 4089 490 4130 vaccae
501 4080 529 4130 et
537 4075 671 4147 aspersio
680 4073 846 4145 sanguinis,
855 4079 995 4131 etcruen·

161 4166 261 4219 tarum
278 4162 484 4235 multiplicatio
501 4165 688 4221 victimarum
708 4164 908 4236 significabat,
931 4180 992 4221 non

162 4250 322 4308 alliciebat.
337 4252 405 4309 ldeo
414 4253 554 4325 deinceps
563 4253 643 4318 dicit,
652 4254 720 4311 Noa
733 4254 920 4326 conprecabo
930 4270 995 4311 coa-

161 4340 316 4399 anticato
330 4356 431 4399 eoram
441 4342 476 4399 de
490 4344 698 4414 saaaaiaibas,
712 4342 742 4398 id
758 4350 803 4400 est
817 4343 935 4400 illorum
949 4359 995 4400 sa-

160 4428 342 4486 crificiorum
353 4445 421 4502 quse
433 4431 667 4488 immolabantur
679 4433 708 4487 in
725 4431 822 4503 ligura
837 4433 994 4501 sanguinis

161 4518 278 4576 Christi
294 4520 354 4577 Nec
370 4536 481 4578 memor
495 4536 545 4578 cro
560 4522 712 4578 nominum
728 4536 829 4578 coram
844 4536 899 4591 per
914 4521 993 4578 labia

161 4622 238 4666 mea.
255 4608 382 4665 Nomina
396 4610 509 4682 quippe
531 4609 649 4666 illorum
665 4614 750 4667 erant
768 4611 799 4666 in
812 4610 993 4682 multiplica·

161 4697 241 4754 done
254 4696 462 4754 infirmitatum
477 4717 485 4769 ;
503 4698 706 4766 fornicatores,
721 4698 808 4755 idolis
820 4700 992 4766 servientes,

162 4784 302 4857 adulteri,
324 4786 439 4854 molles,
457 4789 661 4845 masculorum
682 4788 901 4855 concubitores,
914 4789 994 4844 lines

163 4874 255 4940 avari,
264 4881 409 4946 raptores,
421 4877 540 4943 ebriosi,
552 4878 700 4943 maledici,
711 4882 740 4934 et
750 4878 935 4950 quicumque
944 4875 994 4933 alii

163 4978 291 5034 regnum
308 4965 359 5021 Dei
373 4981 435 5022 noa
450 4966 657 5037 possidebunt.
673 4966 729 5023 Sed
753 4966 803 5021 ubi
819 4965 994 5022 abundante

162 5059 297 5126 peccato,
313 5055 567 5128 superabundavit
580 5055 685 5126 gratia,
700 5062 802 5125 postea
812 5056 994 5112 accelerave-

161 5148 246 5198 runt.
262 5144 330 5199 lleec
353 5144 479 5216 quidem
502 5143 627 5208 fuerunt,
649 5144 702 5201 sed
727 5144 820 5201 abluti
844 5149 924 5210 sunt,
940 5144 994 5200 scd

161 5230 992 5305 sanctificatisunt,sedjustiiicatisuntinnomineDomini

160 5319 231 5377 iesu
246 5320 362 5387 Christi,
371 5326 400 5378 et
410 5322 556 5395 inSpiritu
569 5322 617 5378 Dei
629 5323 724 5380 nostri
734 5323 830 5394 (ICor.
846 5339 883 5391 vi,
899 5324 992 5392 bill:

161 5407 232 5466 ideo
252 5423 315 5466 non
330 5412 514 5468 memorarit
530 5413 688 5468 nominum
703 5412 823 5468 illorum
840 5427 893 5482 per
912 5412 995 5469 labia

192 5527 200 5561 ¹
209 5524 274 5575 lise.
285 5528 338 5575 tres
349 5528 504 5577 recentioris
514 5529 609 5585 atatis,
619 5528 707 5576 amaia
717 5528 745 5576 ia
753 5527 905 5590 infidelitate
914 5545 923 5575 ,-
933 5541 993 5591 quar

163 5592 204 5639 est
215 5589 296 5639 lectio
309 5589 431 5654 Vulgata
441 5591 582 5645 versionis.
598 5592 682 5640 titula
691 5591 754 5641 Cdd.
769 5603 868 5655 magno
881 5604 994 5640 nurnero

163 5650 685 5718 hebent,omassp'uxtagreccumlexium
692 5653 991 5719 Apostolitouspaatar.

1046 1427 1163 1484 videtur
1180 1429 1303 1501 intelligi
1318 1430 1359 1485 ita
1373 1445 1437 1486 esse
1460 1429 1694 1502 prenuntiatum
1711 1447 1718 1485 :
1738 1427 1878 1485 eamdem

1046 1522 1167 1586 gentem
1185 1518 1274 1574 etium
1287 1517 1469 1575 debellatam
1481 1522 1572 1591 atque
1584 1517 1772 1583 subversam,
1784 1517 1814 1573 in
1828 1532 1880 1590 pu·

1047 1605 1110 1678 puli
1136 1607 1254 1663 victoris
1279 1606 1504 1676 superstitiones
1527 1622 1588 1663 non
1603 1605 1696 1665 luisse
1714 1621 1878 1671 cessuram,

1048 1694 1147 1751 sedin
1170 1697 1257 1753 veteri
1273 1696 1350 1768 Lege
1371 1712 1558 1761 mansuram,
1575 1701 1607 1753 ut
1623 1694 1706 1768 apud
1720 1710 1788 1752 eam
1802 1698 1880 1753 esset

1046 1783 1878 1859 testimoniumScripturarumtotoorbeterrarum,unde

1046 1874 1177 1931 Ecclesia
1202 1874 1297 1932 iuerat
1316 1875 1481 1933 evocanda.
1498 1873 1584 1930 Nullo
1597 1875 1677 1930 enim
1693 1873 1875 1931 evidentiore

1044 1961 1227 2020 documento
1237 1964 1404 2021 ostenditur
1419 1963 1571 2033 gentibus,
1581 1962 1665 2035 quod
1679 1961 1878 2019 saluberrime

1048 2051 1220 2119 advertitur,
1237 2067 1298 2108 non
1312 2052 1500 2124 inopinatum
1516 2056 1545 2108 et
1559 2052 1748 2124 repentinum
1762 2049 1877 2123 aliquid

1047 2140 1218 2197 institutum
1247 2141 1352 2214 spiritu
1388 2141 1631 2214 praesumptionis
1663 2140 1817 2205 humanae,
1846 2144 1880 2196 ut

1048 2227 1154 2285 Christi
1168 2245 1279 2286 nomen
1295 2231 1324 2287 in
1340 2246 1393 2303 spe
1409 2230 1512 2287 salutis
1525 2233 1644 2287 oeternoe
1659 2234 1740 2285 tanta
1753 2229 1879 2287 auctori·

1047 2319 1298 2392 talepraepolleat,
1313 2320 1365 2375 sed
1376 2318 1447 2376 olim
1464 2319 1556 2376 tuisse
1568 2316 1775 2391 prophetatum
1787 2323 1879 2391 etque

1047 2409 1262 2481 conscriptum.
1280 2410 1354 2465 Nam
1374 2410 1440 2481 ipsa
1456 2408 1613 2482 prophetia
1636 2406 1709 2481 qnid
1724 2405 1807 2463 alind
1822 2405 1881 2463 nisi

1048 2512 1066 2553 a
1079 2497 1188 2553 nostris
1206 2501 1357 2570 putaretur
1373 2513 1440 2554 esse
1461 2496 1598 2562 conficte,
1612 2496 1637 2551 si
1654 2511 1715 2553 non
1728 2495 1766 2551 de
1779 2494 1880 2552 inimi·

1048 2601 1153 2642 corum
1175 2585 1330 2642 codicibus
1346 2585 1554 2659 probaretur?
1578 2585 1654 2653 ldeo,
1670 2585 1715 2642 Ne
1736 2585 1879 2642 occideris

1047 2690 1095 2733 eos
1103 2693 1113 2742 ;
1129 2691 1165 2731 ne
1177 2676 1270 2748 ipsius
1284 2677 1381 2746 gentis
1397 2691 1508 2733 nomen
1517 2673 1705 2740 exstinxeris,
1721 2674 1879 2746 aequando

1048 2765 1267 2823 obliuiscaatar
1287 2766 1371 2836 lepis
1384 2771 1463 2823 raa.-
1478 2764 1561 2838 quod
1576 2765 1677 2837 utique
1691 2763 1785 2829 lieret,
1800 2763 1823 2819 si
1839 2762 1879 2820 ri·

1048 2858 1095 2910 tus
1109 2858 1137 2910 et
1160 2869 1247 2910 sacre
1273 2853 1432 2910 Gentilium
1459 2853 1555 2909 colere
1577 2851 1726 2923 compulsi
1746 2852 1877 2924 penitus,

1046 2941 1269 3015 qualecumque
1281 2957 1390 2998 nomen
1405 2941 1553 3013 religionis
1563 2956 1625 2997 sum
1639 2941 1761 2997 mininie
1774 2942 1880 2998 retine·

1046 3036 1122 3087 rent.
1134 3030 1220 3097 Quod
1237 3032 1266 3086 in
1276 3046 1380 3088 eorum
1390 3030 1488 3101 figura
1501 3029 1635 3086 etiamde
1645 3029 1714 3085 Cain
1732 3028 1879 3102 scriptum

1047 3124 1103 3186 est,
1115 3119 1197 3192 quod
1209 3119 1399 3176 constituitin
1413 3135 1448 3176 eo
1462 3118 1605 3175 Dominus
1618 3118 1751 3188 signum,
1760 3131 1798 3173 ne
1810 3118 1879 3189 quis

1047 3208 1197 3265 occideret
1221 3224 1291 3264 eum
1320 3208 1405 3280 (Gen.
1434 3224 1471 3275 iv,
1498 3206 1555 3280 lo).
1585 3207 1716 3280 lienique
1743 3221 1814 3262 cum
1838 3206 1878 3262 dr·

1047 3299 1152 3365 xisset‚
1172 3298 1218 3356 Ne
1242 3298 1386 3355 occideris
1411 3313 1468 3363 eos,
1483 3295 1641 3369 nequando
1665 3295 1880 3353 obliviscantur

1047 3388 1135 3460 Locis
1150 3395 1209 3445 tua
1218 3401 1230 3460 ;
1246 3387 1326 3444 velut
1340 3392 1535 3460 quaereretur,
1546 3385 1666 3460 quidde
1676 3384 1732 3441 illis
1747 3389 1826 3441 esset
1837 3382 1879 3442 la·

1047 3476 1199 3540 ciendum,
1214 3480 1245 3533 ut
1254 3476 1413 3549 inaliquos
1427 3492 1499 3533 tusus
1511 3474 1670 3532 testimonii
1682 3472 1809 3530 veritatis
1817 3487 1879 3530 non

1047 3566 1233 3630 occidantur,
1251 3565 1280 3622 id
1296 3571 1349 3632 est,
1364 3580 1424 3621 non
1439 3563 1666 3621 consumanturi
1689 3577 1787 3636 neque
1801 3560 1880 3619 obli·

1048 3654 1202 3710 viscantur
1215 3654 1297 3726 Legis
1306 3654 1357 3709 liei
1371 3672 1377 3723 ;
1392 3653 1534 3711 continuo
1546 3652 1701 3724 subjunxit
1713 3667 1720 3705 ε
1733 3653 1877 3723 Disperae

1048 3744 1117 3800 illos
1132 3744 1164 3799 ia
1178 3743 1288 3800 virtute
1299 3746 1361 3799 tica.
1376 3743 1404 3800 Si
1419 3743 1497 3797 enim
1511 3742 1540 3797 in
1557 3757 1618 3797 uno
1632 3740 1698 3798 loco
1709 3744 1811 3797 essent
1821 3745 1875 3797 ter·

1048 3848 1160 3896 rarum,
1175 3846 1235 3888 non
1248 3831 1425 3903 adjuvarent
1447 3830 1617 3887 testimonio
1632 3827 1874 3902 praedicationem

1050 3921 1212 3991 Evangelii,
1227 3936 1294 3993 quae
1307 3918 1464 3976 iructilicat
1477 3924 1539 3976 toto
1551 3918 1623 3976 orbe
1639 3924 1794 3974 terrarum.
1807 3916 1876 3973 ldoo

1048 4013 1186 4082 dispereo
1206 4011 1275 4067 illos
1288 4010 1320 4066 in
1335 4010 1446 4066 virtute
1460 4015 1523 4078 tua,
1545 4013 1577 4064 ut
1595 4008 1660 4080 ejus
1679 4006 1774 4081 ipsius
1789 4006 1877 4080 cujus

1049 4102 1166 4159 luerunt
1179 4106 1348 4171 negatores,
1362 4104 1578 4171 persecutores,
1588 4095 1798 4161 interfectores,
1816 4093 1876 4151 ubi·

1049 4206 1108 4265 qne
1122 4191 1181 4246 sint
1196 4194 1286 4245 testes
1301 4188 1465 4261 peripsam
1481 4188 1598 4257 Legem,
1615 4201 1710 4260 quam
1725 4200 1785 4242 non
1804 4183 1877 4241 obli·

1048 4280 1214 4345 viscantur,
1229 4278 1258 4334 in
1274 4280 1396 4351 quaest
1416 4276 1463 4333 ille
1485 4277 1693 4350 prophetatus,
1707 4290 1800 4344 quem
1816 4288 1877 4330 non

1048 4374 1224 4442 sequnntur.
1238 4367 1337 4440 Neque
1358 4367 1438 4422 enim
1454 4366 1495 4422 eis
1516 4364 1630 4438 aliquid
1645 4363 1777 4436 prodest,
1792 4361 1876 4435 quod

1049 4474 1115 4516 eam
1130 4472 1191 4514 non
1206 4455 1421 4513 obliviscuntur
1436 4473 1442 4513 :
1459 4454 1540 4510 aliud
1558 4456 1602 4509 est
1615 4451 1695 4508 enim
1709 4451 1807 4520 legem
1827 4448 1878 4506 llei

1048 4545 1159 4604 babere
1172 4545 1202 4601 in
1216 4544 1371 4609 memoria,
1384 4542 1466 4600 aliud
1482 4539 1674 4599 inintellecta
1688 4538 1840 4597 eteffeatu.
1940 4610 1944 4617 Ι

1085 4663 1127 4717 lo.
1144 4666 1175 4718 ln
1191 4660 1380 4731 sexagesimo
1397 4664 1495 4715 autem
1513 4657 1641 4730 septimo
1653 4654 1875 4729 psalmo,quod

1048 4750 1158 4824 quoeris
1173 4748 1246 4822 quid
1269 4749 1315 4818 sit,
1339 4749 1543 4805 Verumtamen
1570 4748 1648 4803 Deae
1667 4745 1878 4819 conquassabit

1048 4840 1148 4910 capita
1157 4838 1482 4902 inimicorumsaorura,
1495 4837 1633 4894 verticem
1641 4836 1747 4906 capilli
1755 4850 1873 4905 peram

1049 4928 1217 4985 haluntium
1233 4929 1265 4985 ia
1277 4928 1392 4985 delictis
1408 4927 1489 4998 sais;
1501 4942 1560 4983 non
1578 4925 1652 4983 mihi
1665 4925 1782 4982 videtur
1793 4922 1876 4980 mind

1049 5018 1161 5075 dictum
1177 5033 1281 5091 quam,
1297 5017 1376 5073 Deus
1389 5015 1603 5088 conquassabit
1629 5014 1727 5087 capita
1741 5012 1876 5068 inimico·

1048 5124 1114 5165 rum
1137 5123 1261 5163 suorum
1277 5105 1406 5163 nimium
1421 5104 1671 5178 superbientium,
1691 5101 1818 5157 nimium
1845 5115 1877 5158 se

1048 5196 1250 5255 extollentium
1261 5196 1290 5251 in
1300 5195 1413 5251 delictis
1425 5193 1497 5250 suis.
1509 5195 1561 5249 Per
1572 5186 1876 5266 hyperbolenquippe

1048 5285 1229 5357 significavit
1253 5284 1425 5356 superbiam
1448 5287 1563 5339 tantum
1580 5296 1612 5336 se
1633 5278 1832 5343 extollentem,
1848 5283 1877 5336 et

1050 5381 1133 5432 tanta
1152 5375 1277 5431 clatione
1294 5373 1492 5436 incedentem,
1506 5368 1595 5442 quusi
1617 5367 1714 5441 capilli
1736 5367 1877 5424 verticem

1048 5462 1289 5536 perambulando
1312 5460 1449 5518 calcaret.
1476 5463 1548 5517 ltem
1568 5458 1599 5515 in
1625 5456 1731 5515 eodem
1760 5456 1878 5532 psalmo

1047 5552 1126 5624 quod
1140 5553 1284 5625 scriptum
1306 5556 1359 5615 est,
1377 5549 1492 5619 Liapaa
1508 5564 1614 5605 cautim
1634 5553 1754 5604 tuorum
1767 5562 1805 5605 aa·
1818 5545 1876 5604 iai·

1048 5641 1131 5700 micis
1142 5642 1179 5699 ati
1193 5646 1275 5713 ipso;
1289 5653 1350 5696 non
1364 5653 1480 5713 semper
1492 5638 1522 5697 in
1535 5635 1615 5696 malo
1626 5636 1793 5713 accipiendi
1809 5640 1878 5692 sunt
