3952 6128
71 150 142 211 litt

70 277 162 337 Porro
171 272 278 332 eadem
289 286 325 329 ex
335 269 464 345 epistola
475 271 653 328 ductumest
663 266 796 343 id,qnod
810 266 896 325 addi-

70 372 119 425 tur
131 361 273 422 continuo
285 360 323 418 de
335 360 478 418 Pascentii
487 364 633 435 potestate
647 364 676 417 et
685 361 781 425 etate,
790 361 897 431 prmler

70 450 297 514 aliancnnulla.

104 552 897 631 illudtandemhaudquaquampraetereundumsilen-

70 651 120 719 tio,
140 647 296 720 Augustini
308 645 348 704 ad
369 646 557 704 Pascentiom
583 643 723 718 epistolas
752 641 898 700 contineri

69 740 99 798 in
114 737 223 796 nostris
239 752 312 792 mss.
329 734 489 802 sexdecim,
503 749 565 807 quo
579 750 614 790 ex
626 746 754 790 numero
769 745 806 788 ne
820 745 898 786 unus

70 828 195 901 quidem
222 823 319 883 codex
344 822 521 896 adjunctam
546 822 637 880 habet
668 819 898 878 Altercalicnem

70 917 153 974 illam
168 931 174 972 :
188 930 283 988 quam
296 912 416 969 nonnisi
427 912 552 969 seorsim
564 910 695 984 reperire
709 908 799 966 nohis
816 905 900 964 licuit

71 1006 102 1062 in
118 1003 212 1061 tribus
228 1005 305 1066 ilas„
324 1000 437 1058 scilicet
458 998 660 1065 laudunensi,
677 995 846 1054 Arnuliensi
869 999 900 1051 et

72 1091 253 1157 corbeiensi,
267 1089 318 1164 qui
328 1104 435 1148 omnes
450 1088 599 1162 predictis
611 1085 743 1160 epistolis
757 1089 868 1143 carent.

108 1202 176 1267 Quae
190 1197 313 1255 comita
325 1196 393 1263 sint,
407 1195 471 1266 jann
493 1193 641 1265 intelligis,
660 1193 774 1250 erudite
796 1191 899 1258 lector,

72 1305 128 1347 nos
143 1281 900 1359 utidopusculigsnusspuriisscriptionibusaccen·

71 1392 215 1440 seramus,
224 1374 371 1432 adductos
383 1372 474 1429 inisse
486 1371 588 1429 multis
597 1375 627 1428 el
636 1371 776 1443 gravibus
786 1367 898 1426 causis.

71 1467 186 1535 Quibus
202 1468 354 1540 postremo
366 1462 433 1520 loco
448 1463 563 1521 accedit
572 1477 631 1519 non
640 1460 715 1518 levis
727 1459 901 1531 conjectura

72 1557 109 1614 de
124 1571 195 1614 vero
207 1554 298 1628 ipsius
310 1558 431 1611 auctore
443 1550 550 1621 vigilio
573 1549 717 1624 tapsensi
745 1547 900 1622 episcopo,

72 1646 125 1719 qui
138 1642 277 1701 Vandalis
290 1640 427 1698 arianam
446 1638 584 1696 haeresim
609 1638 641 1694 in
667 1637 767 1694 Africa
789 1650 902 1708 propa·

73 1733 221 1805 gentihus,
235 1746 305 1787 cum
320 1743 489 1802 repugnare
500 1727 600 1800 palam
612 1742 667 1800 pro
679 1724 827 1785 catholica
840 1722 900 1780 ilde

74 1819 258 1895 disputando
270 1833 331 1876 non
344 1817 402 1874 sibi
413 1817 524 1883 liceret,
541 1815 638 1872 emisit
648 1815 680 1871 in
691 1813 799 1885 vulgus
811 1827 901 1886 opus-

75 1910 142 1967 cula
155 1909 297 1983 quaedam
316 1910 423 1964 contra
443 1903 579 1969 Arianos,
604 1901 706 1960 inditis
727 1900 901 1960 nominibus

75 1998 273 2070 insigniorum
283 1994 419 2052 Ecclesiae
427 1990 767 2059 doctorum,Athanasii,
777 1990 903 2047 Ambro-

75 2087 121 2155 sii,
136 2084 293 2157 Augustini
306 2102 313 2152 ;
327 2090 356 2140 et
376 2083 453 2140 inter
467 2082 527 2139 alia
541 2081 650 2138 librum
666 2083 769 2137 contra
782 2077 902 2135 Felicia·

75 2173 320 2247 numAugustino
329 2171 474 2232 tributum
486 2169 561 2227 ialso
572 2170 603 2227 in
614 2168 832 2241 superioribus,
840 2165 902 2223 edi·

74 2265 216 2329 tionibus,
224 2266 298 2319 tom.
306 2278 344 2329 ιι,
356 2275 475 2317 necnon
485 2258 566 2316 hanc
577 2258 675 2332 ipsam
689 2257 726 2314 de
734 2272 795 2330 qua
805 2255 903 2327 agitur

76 2354 316 2416 Altercationem,
332 2349 375 2407 nti
394 2349 585 2421 suspicamur
603 2362 640 2404 ex
659 2345 854 2403 similitudine
873 2349 904 2402 ot

76 2441 299 2514 affiniumque
308 2439 383 2496 inter
395 2453 464 2495 eam
479 2434 903 2510 aliasqcevigiliilucubratio

77 2546 131 2588 nes
146 2527 311 2587 intercedit.
327 2526 461 2600 Exempli
475 2526 583 2597 gratia,
597 2523 857 2599 quemadmodum
873 2522 904 2581 in

78 2619 273 2678 Altercatione
291 2615 447 2674 Athanasii
461 2615 624 2685 cumerio,
641 2612 762 2671 exhibet
774 2612 823 2671 ille
837 2615 905 2670 Pro·

80 2710 152 2766 bum
163 2708 345 2777 cognitorem
356 2712 384 2763 et
390 2705 535 2777 judicem,
545 2704 598 2777 qui
606 2704 691 2760 initio
703 2702 829 2773 adiurat
839 2716 906 2774 par·

80 2804 123 2856 tes
135 2797 204 2861 Arii,
219 2797 290 2852 utin
302 2795 360 2851 line
370 2793 537 2850 secundum
545 2791 741 2849 Athanasium
753 2791 826 2848 ierat
836 2805 907 2846 scn-

80 2886 203 2946 tentiam
217 2901 224 2940 :
239 2884 280 2942 ita
293 2884 342 2942 hic
357 2899 409 2941 nn.
426 2887 483 2940 bet
495 2884 522 2948 7,
538 2879 712 2939 laurentius
726 2880 864 2950 cognitor
878 2884 906 2937 et

77 2975 172 3049 ludex
180 2974 260 3030 iavet
270 2970 406 3030 nonnihil
414 2969 657 3036 Pascentio,adec
667 2968 804 3026 utaidem
810 2966 907 3040 judici

81 3065 217 3121 divinum
234 3061 381 3133 judicium
403 3058 557 3117 minitelur
581 3057 906 3131 pseudo-Augustinus,

82 3154 128 3211 cui
145 3156 268 3210 demum
282 3147 579 3224 pseudo-Augustino
589 3146 760 3204 certaminis
773 3147 908 3220 palmam

82 3240 257 3300 Laurentius
271 3237 436 3311 adjudicat.
452 3237 484 3294 ln
500 3235 551 3293 illa
563 3236 668 3309 paucis
684 3242 837 3293 momenta
852 3250 909 3295 sun

83 3328 325 3405 propcnllrlrius,
334 3325 411 3384 utab
420 3326 585 3383 Athanasio
594 3324 853 3383 mullisrelellatur
862 3323 909 3381 :in

81 3419 140 3477 hac
150 3416 323 3475 Pascentius
332 3413 836 3488 rixioquiturquidquam,nisiquo
847 3412 910 3470 dis-

83 3508 208 3582 putandi
234 3504 372 3562 malereis
401 3502 573 3577 prebeatur
600 3502 912 3576 pseudo-Augustino.

82 3596 261 3655 crateresin
272 3599 397 3666 utraque
403 3591 601 3649 Altercatione
609 3596 770 3648 occurrunt
777 3608 864 3665 pares
871 3591 913 3648 lc·

82 3684 196 3760 quendi
206 3681 353 3751 iormulre,
361 3696 470 3754 nempe
478 3682 508 3737 in
520 3680 571 3739 illa
581 3681 711 3739 Probus:
721 3681 913 3750 Quemadmo-

82 3775 153 3832 dum
165 3773 302 3836 credatis,
319 3771 425 3844 inquit,
435 3770 553 3828 decenti
562 3769 771 3840 prosecutione
784 3772 911 3842 sinnam.

83 3866 115 3919 lit
129 3863 284 3935 aliquanto
292 3865 360 3932 post
368 3878 374 3919 :
383 3859 418 3915 ld
425 3873 542 3932 auoque
552 3858 738 3915 Athanasius
750 3873 913 3929 suaprose·

83 3949 353 4022 cutionedesipnet.
365 3949 398 4005 ln
411 3948 467 4006 bac
480 3953 581 4005 autem
594 3948 777 4014 Laurentius,
788 3964 819 4005 ιι.
829 3953 855 4015 5,
869 3947 914 4005 di·

82 4043 133 4098 cit:
142 4037 445 4109 advertisne....quid
452 4037 912 4109 saaproseeurtonedesipne,etc.

81 4131 184 4202 ltaque
193 4127 362 4192 methodus,
372 4125 466 4192 stilus,
476 4126 640 4191 sententiaa,
649 4130 803 4183 auctorem
819 4141 914 4184 unum

82 4218 284 4290 eumdemque
296 4215 427 4272 relcrunl
445 4214 594 4286 vigilium.
614 4219 640 4271 ls
655 4229 746 4288 porro
765 4215 915 4273 scribebat

82 4303 509 4379 versusfinemquintisarcnli.
527 4303 915 4363 Undeminimemirumest

82 4393 613 4454 AltercationemcumPasccnliosuh
629 4393 914 4466 Augustininomina

83 4484 200 4542 laudari
212 4501 232 4542 a
244 4483 597 4549 veteribus,utilaudatur
611 4498 673 4541 non
687 4483 778 4540 modo
789 4482 819 4540 in
829 4485 914 4540 liedes

82 4572 383 4643 vulgatacollectione
390 4572 429 4628 ad
445 4570 531 4628 lCor.
540 4578 633 4634 xrr,et
645 4571 772 4644 Philipp.
780 4586 914 4642 inquam

84 4659 288 4718 collectionem
300 4658 387 4714 Floro
402 4658 530 4715 diacono
546 4657 803 4731 Lugdunensi,qui
816 4659 914 4717 medio

85 4748 196 4806 saeculo
206 4762 286 4804 nono
296 4745 406 4813 floruit,
420 4746 613 4803 tribuendam
636 4761 703 4802 esse
718 4748 861 4819 probatur
883 4752 915 4807 in

84 4846 218 4896 veterum
231 4835 442 4892 Analectcrum
455 4840 527 4892 tom.
538 4851 566 4908 ι;
580 4834 634 4893 scd
645 4837 735 4893 etiam
747 4836 778 4893 in
788 4852 835 4905 ea,
846 4853 915 4912 quse

84 4927 196 4985 ibidem
210 4925 295 4982 Bodas
311 4925 464 4994 asseritur,
487 4924 633 4982 hactenus
658 4925 781 4992 inedita,
804 4927 915 4987 scilicet

85 5017 123 5073 ad
138 5016 148 5073 l
168 5017 234 5073 Cor.
246 5030 308 5072 xm.

122 5122 248 5180 Consule
255 5121 438 5179 Bernardum
444 5119 915 5195 vindingumeiamiliabugusli·

85 5211 381 5283 nianalheclogum,
395 5210 446 5283 qui
462 5208 494 5268 id
504 5210 603 5282 operis
617 5209 755 5284 spurium
770 5228 836 5270 esse
846 5220 915 5273 anta

87 5318 143 5359 nos
154 5301 332 5358 existimavit
351 5299 380 5356 in
392 5299 612 5371 Augustiniano
635 5300 718 5358 crica
732 5302 772 5360 ad
789 5308 908 5362 tomum

88 5408 105 5445 ιι
119 5395 147 5447 ct
161 5389 201 5445 ad
216 5394 334 5447 tomum
351 5405 399 5450 vr:
423 5403 485 5461 quo
506 5388 664 5462 posteriori
685 5390 752 5448 loco
778 5398 915 5453 recenset

87 5478 260 5552 quindecim
275 5477 422 5551 opuscula
437 5478 476 5536 ab
488 5483 619 5545 auctore,
635 5485 667 5536 ut
678 5484 776 5553 putat,
801 5497 862 5540 uno
887 5489 917 5540 et

87 5566 196 5626 ecdem
206 5565 349 5638 prolecta.
366 5569 475 5624 horum
487 5582 558 5625 vero
572 5567 703 5643 plurima
718 5569 821 5641 vigilio
840 5574 917 5649 lap·

89 5654 244 5729 senellam
257 5654 298 5735 ab
314 5655 440 5715 cruditis
453 5657 636 5719 tribuuntur.

825 138 1021 203 aarum.

1709 145 1781 205 tras

1216 262 1387 321 nussam
1403 265 1447 322 ιι
1458 265 1512 339 (ι),

965 370 1761 445 Siue,utiCorbeiansiscodeaaliiqueliss.presserunt,

950 468 1072 529 Collatio
1098 469 1179 526 Beati
1202 474 1356 527 Aucusrusr
1380 484 1450 527 cum
1480 473 1636 530 Pescennio
1663 474 1776 543 ariano,

984 540 1087 599 habita
1100 543 1130 598 in
1143 541 1235 598 domo
1246 541 1349 597 Anicia
1362 542 1613 615 Hippone-Regio,
1633 551 1779 626 prresente

985 614 1139 742 ffliiffl
1150 612 1251 685 judice
1273 611 1389 670 delecto
1404 630 1423 670 a
1437 613 1594 672 Psscsurrc
1614 631 1678 674 ruo
1698 633 1782 691 spec·

1060 699 1081 740 1.

988 795 1013 847 l.
1028 788 1203 846 Laurentius
1214 787 1450 846 rirclarissimus
1484 792 1599 849 artibus
1612 797 1640 849 et
1649 794 1783 867 personis

951 863 986 919 in·
997 860 1136 918 cominus
1152 859 1372 932 ¹positisdixit:
1385 861 1440 918 Dei
1451 805 1670 922 discutiendum
1681 872 1723 922 est
1734 881 1783 924 ne·

950 936 1075 1004 octium,
1091 939 1266 1005 naturaque
1276 935 1350 1003 ejus,
1364 933 1396 989 in
1413 949 1471 1006 quo
1480 934 1614 1008 plerique
1637 938 1784 994 labuntur

952 1003 1502 1077 homines,examinandaperleotsmsi
1520 1013 1585 1078 post
1602 1008 1783 1066 iltudtotum

952 1077 1031 1150 quod
1044 1090 1117 1145 pars
1130 1074 1222 1145 parti,
1238 1090 1366 1144 persona
1384 1092 1515 1147 persone
1543 1079 1670 1135 convicii
1679 1079 1784 1137 intulit

950 1147 1074 1220 pridem
1079 1148 1146 1216 jam
1160 1147 1192 1202 in
1201 1146 1440 1218 utrisquemonet
1451 1150 1592 1206 serenitas
1602 1150 1782 1219 ociosorum,

952 1217 1292 1289 uenerandeAupustine
1298 1225 1325 1274 et
1333 1219 1666 1289 Pascentinohilissime,
1679 1225 1785 1294 diana·

952 1290 1027 1348 mini
1035 1289 1178 1358 profiteri.
1192 1291 1237 1346 De
1245 1291 1306 1346 Deo
1319 1290 1396 1347 enim
1406 1291 1561 1361 disputans
1572 1294 1690 1350 animus
1700 1295 1784 1352 debet

952 1363 1084 1419 serenior
1106 1360 1330 1433 inueniri,·quia
1346 1363 1785 1436 repulsisanimositatiscaliai·

952 1434 1048 1499 nibus,
1065 1432 1156 1489 menti
1169 1447 1229 1489 sese
1245 1448 1331 1503 purae
1354 1433 1395 1489 ad
1414 1434 1641 1505 inteltipenriam
1666 1443 1786 1495 naturae

953 1519 1014 1562 sue
1027 1503 1261 1575 moestitudinem
1287 1504 1412 1574 facilius
1437 1506 1535 1576 offert.
1560 1507 1663 1564 Fidem
1689 1508 1787 1581 ipitur

954 1582 1083 1634 vestram
1098 1589 1136 1632 ea
1148 1576 1333 1646 professione
1347 1576 1520 1646 opinionum
1541 1580 1684 1649 primitus
1694 1595 1786 1662 opno-

953 1646 1209 1727 scereuoiostum
1233 1645 1351 1702 demum
1379 1651 1542 1719 requirere,
1572 1657 1672 1707 utrum
1695 1651 1786 1709 liceat

952 1725 1063 1788 preter
1074 1718 1303 1786 Summuranum
1323 1716 1494 1776 divinarum
1512 1721 1638 1792 eloquia,
1657 1737 1786 1794 usurpo-

954 1791 1022 1847 tiue
1036 1787 1213 1859 defensionis
1220 1789 1334 1855 merito,
1350 1789 1468 1862 aliquid
1481 1793 1649 1862 offirmare.

990 1866 1016 1917 2.
1033 1860 1214 1940 Augustinus
1226 1861 1385 1985 opiscopus
1398 1863 1490 1918 dixit:
1507 1864 1582 1919 Sunt
1597 1864 1699 1935 aliqua
1717 1863 1787 1920 ddei

955 1946 1124 1989 necessaria
1134 1946 1153 1986 a
1163 1937 1238 2002 patri
1264 1932 1487 2005 usposita,quse
1502 1935 1532 1988 in
1544 1934 1643 1989 verbis
1653 1934 1788 1991 diversa-

955 2018 1022 2060 rum
1037 2001 1211 2072 linguarum
1223 2001 1307 2058 aliter
1319 2009 1439 2068 sonant,
1453 2004 1534 2060 aliud
1544 2004 1623 2060 intus
1633 2007 1788 2063 continent

954 2075 985 2131 in
999 2079 1133 2139 secret03
1151 2072 1228 2128 sicut
1239 2073 1306 2145 ipsa
1318 2088 1387 2130 caro
1402 2075 1508 2132 Christi
1526 2075 1576 2132 Dei
1588 2079 1619 2132 et
1642 2077 1785 2143 hominis,

954 2145 1086 2202 hominis
1096 2144 1179 2227 ploni
1194 2144 1399 2202 infirmitatem
1413 2146 1591 2204 ostendebat
1602 2150 1742 2216 exterius,
1759 2152 1787 2204 ct

955 2217 1121 2274 divinitatis
1132 2216 1273 2273 virtutem
1284 2217 1408 2287 gerebat
1419 2218 1554 2274 interius.
1566 2220 1678 2276 lamen
1693 2220 1786 2276 iidem

956 2287 1137 2361 Reipublicae
1147 2287 1262 2344 debens
1279 2287 1323 2343 sir
1338 2289 1510 2361 spectabilis
1520 2289 1703 2358 Pascentius,
1715 2292 1788 2365 quin

957 2359 1022 2433 ipse
1035 2358 1144 2415 exstitit
1154 2364 1342 2430 provocator,
1363 2359 1437 2416 fidet
1462 2376 1585 2434 quoque
1611 2379 1674 2420 susa
1694 2378 1788 2436 quam

957 2432 1072 2491 Christo
1086 2429 1185 2499 debet,
1196 2430 1227 2485 id
1242 2435 1287 2486 est
1301 2430 1380 2488 circa
1392 2432 1497 2489 Christi
1513 2448 1676 2505 personam
1692 2440 1713 2501 ¹,
1725 2450 1787 2508 qua

959 2502 1050 2560 eliam
1059 2516 1148 2557 suam
1156 2500 1248 2558 credit
1256 2502 1390 2558 animam
1401 2502 1575 2574 gubernari,
1586 2505 1726 2577 dignetur
1736 2521 1789 2563 no-

958 2588 1028 2630 men
1036 2572 1413 2644 edicers;quiapctcstatis,
1423 2577 1624 2644 artatisetiam,
1637 2576 1789 2649 simulque

980 2644 1181 2702 revocationis
1194 2645 1259 2716 ejus
1272 2643 1345 2701 ordo
1355 2645 1386 2700 id
1400 2646 1464 2703 lieri
1476 2647 1645 2718 justissime
1663 2649 1789 2720 flagitat.

958 2661 1026 2774 gibi
1041 2722 1142 2798 autem
1156 2715 1252 2797 placet
1268 2721 1294 2771 te
1318 2716 1432 2787 judicio
1450 2718 1585 2789 judicem
1613 2720 1788 2792 presidere,

959 2786 1043 2916 gupd
1056 2792 1148 2844 atram
1160 2802 1219 2858 ipsi
1233 2785 1385 2859 placuisse
1396 2789 1642 2848 manifestissime
1652 2807 1791 2864 compro-

983 2874 1059 2916 aur.

996 2950 1022 3005 3.
1037 2944 1213 3004 Laurentius
1223 2944 1266 3002 sir
1279 2945 1465 3003 clarissimus
1476 2947 1569 3005 dixit:
1587 2950 1652 3007 Tuae
1659 2950 1794 3007 annetien-

961 3019 1011 3076 tiae
1019 3017 1125 3081 merila,
1137 3015 1272 3084 Poscenti,
1284 3020 1330 3074 cir
1342 3019 1518 3086 nobilissime,
1528 3037 1573 3076 nos
1582 3022 1726 3078 admodum
1739 3040 1793 3094 pa·

960 3090 1048 3146 ruisse
1057 3097 1099 3145 sat
1113 3087 1219 3145 clarum
1232 3096 1281 3145 est.
1298 3090 1424 3146 Tremens
1432 3092 1503 3146 enim
1509 3093 1539 3147 in
1545 3099 1629 3149 tante
1637 3094 1681 3149 rei
1688 3094 1793 3167 nepotio

959 3161 1091 3236 praesideo
1102 3161 1233 3233 copnucr,
1249 3162 1403 3233 formidans
1417 3164 1576 3220 nedetontae
1591 3165 1790 3237 omnipotentie

961 3241 1065 3290 notura
1075 3248 1148 3289 secus
1161 3231 1226 3304 quid
1234 3232 1342 3289 credens
1352 3241 1459 3291 reatum
1470 3237 1611 3292 incurram
1620 3235 1793 3294 sacramento

962 3306 1032 3362 enim
1046 3322 1085 3360 me
1105 3320 1194 3360 meum
1205 3304 1327 3360 animum
1342 3308 1510 3378 animamque
1525 3309 1637 3363 memini
1650 3308 1793 3365 constrin-

962 3378 1033 3434 cissc
1047 3392 1079 3432 ne
1093 3384 1153 3432 tuas
1176 3378 1335 3431 intentiones
1352 3375 1410 3432 ulla
1425 3379 1532 3434 ratione
1544 3381 1687 3452 palparem
1700 3383 1722 3448 ¹,
1746 3396 1794 3436 nec

962 3447 1067 3520 aliquid
1074 3464 1091 3502 a
1096 3448 1209 3520 justitia
1222 3447 1326 3519 ionaius
1336 3448 1493 3517 cohiberem,
1504 3451 1639 3508 Tuaenim
1650 3451 1795 3508 delectione

960 3522 1048 3593 judeo
1055 3521 1084 3574 in
1093 3519 1242 3591 monitione
1250 3519 1313 3590 fidei
1320 3519 1525 3593 interutrosque
1532 3523 1624 3578 uideor
1636 3523 1793 3595 presidere.

964 3591 1059 3649 Portis
1068 3606 1150 3663 erpoe
1160 3589 1265 3646 diverso
1274 3591 1404 3656 sistenlis,
1413 3593 1629 3664 cuidstensionis
1639 3594 1720 3650 osric
1735 3594 1793 3650 Au·

964 3661 1138 3737 pustinusoir
1143 3663 1351 3734 pravissimusse
1357 3664 1540 3735 impensurum
1547 3666 1671 3734 ostendit,
1675 3667 1797 3739 postula·

966 3735 1064 3791 tionem
1070 3749 1149 3806 quam
1154 3733 1231 3802 petii,
1244 3737 1338 3805 uuiaet
1347 3735 1796 3809 rationanoncaretdipnareeffsc-

965 3805 1795 3881 tuimonciparenomenquesimulpropriserelipicniscdioerr.

1002 3877 1031 3933 l.
1050 3876 1224 3933 Pascentius
1235 3877 1306 3932 virs
1329 3878 1462 3935 colabilis
1475 3879 1486 3914 ⁸
1499 3880 1572 3936 dixit
1587 3898 1594 3936 ε
1611 3882 1667 3938 Nec
1677 3895 1796 3952 praesem

965 3947 1191 4020 prudentissimus
1203 3962 1261 4004 sue
1324 3949 1349 4004 ei
1359 3951 1494 4022 episcopm
1515 3953 1678 4023 Aupustinus
1691 3968 1731 4009 me
1749 3967 1799 4008 ne·

966 4035 1031 4092 pore
1044 4024 1129 4091 potest
1143 4018 1331 4076 Christianum
1340 4035 1353 4077 .·
1374 4021 1404 4075 in
1418 4021 1529 4078 Patrem
1548 4023 1708 4095 inperitum,
1724 4029 1749 4078 el
1764 4023 1796 4079 in

966 4090 1076 4148 misam
1098 4093 1229 4162 penitam,
1245 4097 1269 4148 et
1284 4092 1315 4148 in
1328 4090 1466 4163 Spiritum
1485 4101 1610 4151 sonuum
1624 4111 1666 4151 me
1684 4094 1794 4151 credere

965 4163 1098 4235 profiteor
1109 4177 1121 4228 ;
1132 4161 1180 4243 sed
1190 4179 1245 4217 non
1256 4166 1338 4219 unius
1348 4163 1514 4289 alualisque
1523 4166 1681 4223 smstansiae
1693 4165 1734 4222 ml
1749 4182 1799 4222 nc·

967 4233 1356 4304 turae.thuonsomhesterrsc
1381 4236 1799 4301 ie,cumlaudabilitersonrtum

967 4306 1056 4361 cirum
1068 4304 1179 4361 etmirae
1188 4306 1308 4362 scientiae
1317 4308 1488 4362 Auxentium
1497 4311 1675 4373 nominarem,
1688 4315 1798 4380 etpuem

968 4377 1038 4433 idem
1048 4376 1114 4431 cire
1131 4375 1334 4447 duobussuissct
1343 4383 1457 4442 secutus,
1469 4384 1561 4433 utrum
1573 4379 1676 4434 Arium
1688 4395 1725 4435 an
1738 4379 1797 4434 Ess-
1877 4380 1882 4387 '

968 4449 1098 4515 nonium,
1111 4445 1183 4500 idem
1204 4445 1299 4515 frater
1308 4445 1478 4518 Aupustinus
1488 4448 1688 4521 scrupulosiusi
1744 4451 1799 4506 ire·

968 4515 1238 4587 rememoratione
1254 4518 1381 4574 continuo
1393 4521 1548 4575 mammetis
1562 4522 1633 4577 Ario
1647 4529 1675 4578 et
1725 4537 1796 4577 uno-

968 4587 1115 4645 miods'cere
1127 4587 1316 4654 nondulitam',
1327 4590 1661 4677 papitnnsutipss-qucque
1669 4594 1796 4677 ipsorum

968 4659 1166 4744 anathemaret,
1182 4675 1211 4714 eo
1224 4660 1294 4733 quod
1306 4667 1437 4733 scriptum
1452 4678 1481 4718 m
1496 4662 1572 4747 libres
1585 4665 1728 4722 dcmsnsoss
1742 4664 1794 4720 mi·

968 4747 1041 4869 til
1052 4731 1798 4876 ittiimmanitatibus

969 4874 1013 4930 dit
1026 4880 1073 4932 :et
1085 4891 1165 4947 mam
1177 4877 1365 4948 peroraverit,
1379 4878 1434 4950 ipsc
1439 4895 1554 4950 prorsus
1559 4880 1689 4946 advertis,
1704 4880 1797 4951 Scrip-

970 4951 1099 5004 tnrorum
1110 4949 1271 5004 amtcritate
1283 4947 1397 5019 animia,
1413 4949 1485 5008 iliud
1504 4967 1604 5024 ponem
1624 4952 1694 5025 cuod
1705 4950 1798 5009 eadem

1000 5114 1008 5146 ¹
1026 5112 1092 5164 nso.
1109 5114 1168 5163 Am.
1184 5114 1272 5175 stila,
1287 5115 1467 5168 incommune.

1001 5176 1011 5207 ¹
1025 5175 1090 5227 Edd.
1106 5189 1162 5227 non
1178 5176 1286 5236 habent,
1302 5179 1329 5228 id
1339 5183 1374 5231 sst
1385 5181 1453 5232 circa
1465 5180 1563 5236 Christi
1572 5196 1800 5250 personamque

970 5237 1054 5290 rerba
1064 5240 1181 5290 restituit
1192 5239 1241 5290 lls.
1254 5240 1332 5292 Corb.

1000 5300 1081 5352 then.
1090 5304 1149 5352 Am.
1159 5304 1211 5360 lin,
1219 5317 1264 5353 nec
1272 5309 1329 5356 tuas
1342 5305 1651 5371 intentiones...palpare.
1662 5308 1706 5360 Sic
1716 5310 1799 5362 eliam

970 5363 1031 5421 llas,
1040 5364 1144 5436 Amuli.
1153 5369 1180 5415 ct
1190 5364 1266 5417 Gorb.
1279 5368 1343 5433 ;qui
1355 5368 1409 5420 duo
1421 5370 1526 5421 codices
1536 5376 1734 5438 prosequuntur
1740 5372 1779 5424 sic
1791 5386 1799 5423 s

970 5426 1022 5479 Nec
1033 5427 1086 5476 otro
1121 5428 1166 5501 'od
1182 5442 1198 5476 a
1208 5429 1312 5492 iustitia
1323 5431 1397 5542 lonpe
1413 5437 1448 5482 est
1459 5433 1583 5483 cohihere.

1001 5490 1012 5520 ⁴
1023 5488 1088 5563 lidd.
1119 5504 1144 5540 rc
1156 5493 1183 5540 et
1191 5504 1240 5556 per
1252 5494 1338 5544 totam
1349 5495 1371 5543 A
1382 5496 1565 5555 tsrcstionem,
1581 5497 1740 5559 Pascentirss,
1757 5497 1801 5548 cir

970 5552 1134 5602 clarissimas.
1150 5555 1183 5603 At
1194 5556 1259 5606 atas.
1278 5560 1434 5609 constanter
1449 5558 1558 5618 habant,
1579 5561 1622 5612 cir
1643 5560 1799 5626 spectabilis.

992 5615 1012 5679 ‚⁸
1026 5614 1241 5674 lesmoriensis.

1001 5676 1123 5743 (alhhun
1135 5679 1191 5732 tlt.
