3952 6128
83 148 141 213 22⁹

82 278 136 352 qui
153 293 214 335 carr
235 274 370 334 Demissis
383 283 474 334 aester
490 277 567 335 ieras
585 276 712 335 christus
728 274 866 332 mccadm
879 272 913 329 ui

11 358 15 365 ’
84 366 193 424 Πννοάο
205 372 389 439 summetur,
405 368 611 433 predicantis
625 367 751 423 bonorem
759 372 913 437 martyram

83 463 203 530 receptas
215 456 379 513 commendet
393 456 516 513 Ecclesia
529 456 580 529 (Dr
592 456 691 513 Libero
704 454 844 521 Arbitrio,
861 451 910 511 tii.

81 548 110 614 3,
121 560 144 602 c.
159 546 206 612 25,
219 563 248 602 a.
263 549 319 614 bi).

118 636 163 693 ti.
177 635 246 693 Hanc
256 634 406 701 tuncdixi,
418 651 487 692 cum
499 635 579 692 hanc
594 636 692 708 ipsam
706 635 745 691 dc
759 649 821 708 qua
830 647 911 690 nune

80 724 180 797 agitur
193 725 302 782 vetlem
321 724 509 782 communire
527 725 716 782 sententiam.
732 724 812 782 Sicut
830 723 911 780 enim

80 813 170 888 paulo
180 817 248 873 ante
263 816 508 878 commemorari.
524 829 726 888 quaecumque
739 812 857 870 iliarum
873 813 911 870 de

78 904 190 962 animae
198 904 405 961 incarnatione
415 909 545 977 quatuor
551 903 731 976 opinionum
741 917 811 960 vera
820 905 909 966 esset,

80 991 269 1066 inculpatam
279 992 483 1051 substantiam
498 993 652 1064 uertens,
665 997 694 1049 et
708 1007 724 1049 e
737 996 910 1049 nostrorum

78 1086 274 1156 peccatorum
287 1080 429 1139 societate
440 1081 671 1140 remotissimam
682 1080 799 1138 nitebar
809 1085 911 1137 osten-

80 1170 162 1228 dere.
186 1173 220 1229 Et
234 1171 304 1228 ideo
318 1185 520 1245 quacumque
539 1170 659 1229 iliarum
674 1171 795 1227 veritate
809 1172 911 1242 posset

79 1260 219 1317 convinci
230 1265 259 1317 et
273 1259 438 1332 repudiari,
458 1259 498 1316 ad
517 1275 623 1317 curam
636 1258 808 1316 intentionis
823 1272 909 1324 mere,

78 1363 174 1421 quam
188 1352 260 1406 tunc
274 1347 440 1414 habebam,
451 1364 511 1405 non
528 1348 696 1422 pertinebat
706 1365 714 1416 3
723 1345 911 1420 quandoqui-

79 1436 151 1495 dem
175 1437 290 1494 cunctis
314 1437 502 1507 diiigentiore
527 1437 732 1511 disputatione
752 1435 909 1501 discussis,

78 1541 279 1600 quascumque
293 1525 412 1583 iliarum
427 1530 505 1584 recte
521 1528 653 1583 vinceret
664 1531 798 1594 caeteras,
812 1539 911 1581 mese·

80 1615 245 1673 carissimo
259 1614 353 1682 deret,
369 1615 494 1690 quando
508 1616 599 1673 etiem
623 1614 789 1672 seeundum
805 1628 910 1670 omnes

80 1704 113 1761 id
130 1703 214 1777 quod
229 1704 369 1775 agebam,
386 1705 530 1762 invictum
553 1704 710 1778 persistere
724 1703 909 1760 demonstra·

82 1793 167 1852 ham.
182 1795 266 1850 iiune
290 1808 362 1850 vero
384 1809 477 1851 unam
501 1794 580 1861 voto,
596 1793 622 1850 si
642 1806 779 1866 possum,
795 1792 911 1848 ratione

80 1886 163 1940 reeta
172 1881 326 1952 aligcrccx
335 1883 477 1940 omnibus
489 1900 497 1950 ;
511 1889 538 1939 et
548 1887 704 1956 propterea
715 1880 807 1953 hujus
817 1881 911 1952 ipisus

81 1970 121 2028 de
132 1986 194 2045 qua
205 1985 287 2027 nune
296 1974 415 2043 agimus
424 1972 640 2038 defensionem,
654 1972 684 2028 in
695 1971 742 2027 his
751 1986 820 2044 quar
829 1985 911 2027 com·

81 2060 248 2117 memorari
263 2060 302 2117 de
321 2060 372 2119 iiio
391 2061 478 2127 libro,
500 2062 600 2118 verbis
615 2061 690 2118 meis
707 2059 847 2118 attentius
865 2059 911 2113 in-

82 2153 179 2216 tuens,
196 2148 328 2207 validam
343 2149 526 2223 firmamque
537 2166 598 2207 non
614 2150 712 2207 video.

116 2247 163 2303 20.
180 2249 254 2304 Nam
267 2247 347 2304 velut
357 2246 582 2304 firmamentum
598 2248 663 2319 ejus
677 2247 747 2304 iilud
762 2250 815 2313 est,
828 2245 910 2320 quod

80 2336 124 2394 ihi
138 2335 221 2393 dixi:
239 2336 309 2404 Quis
322 2343 421 2395 autem
437 2339 518 2393 nouit
531 2336 605 2409 qaid
620 2335 767 2408 parcatis,
783 2335 821 2393 dc
840 2350 911 2407 quo

81 2440 150 2482 ram
160 2425 341 2483 aromatibus
356 2425 471 2483 ductio
480 2427 627 2496 moJ'oram
641 2425 846 2489 contunditur,
858 2431 912 2482 oct

82 2520 239 2573 exercetur·
258 2514 342 2584 tides,
365 2521 419 2571 cat
433 2514 638 2573 misericordia
660 2513 806 2585 probatur
821 2533 831 2572 .·
845 2512 911 2586 qais

82 2618 155 2674 ergo
165 2603 248 2661 norit
256 2603 330 2676 quiet
339 2606 412 2673 ipsis
421 2605 560 2673 pareatis
572 2605 604 2660 ἰν
615 2609 724 2661 secreto
724 2603 911 2675 judiciorum

81 2706 205 2749 scoram
226 2691 309 2749 bona
322 2692 569 2762 compensationis
582 2697 710 2751 resonet
728 2691 832 2749 beari
853 2691 911 2748 Sed

81 2781 141 2838 hoe
158 2796 220 2837 non
244 2781 393 2837 immerito
414 2781 472 2837 dici
500 2780 586 2838 video
605 2781 643 2838 de
662 2781 710 2838 his
723 2782 775 2854 qui
793 2780 840 2836 vel
857 2796 911 2852 pro

82 2869 191 2928 Christi
206 2869 328 2927 nomine
341 2886 376 2928 ac
390 2886 460 2927 vera
470 2871 611 2944 religione
622 2870 678 2927 tate
693 2870 807 2945 aliquid
820 2870 911 2926 etiam

81 2958 249 3015 nescientes
271 2960 434 3030 patiuntur,
450 2958 498 3016 vei
516 2960 710 3016 sacramento
727 2957 834 3016 Christi
846 2958 910 3030 jam

82 3046 191 3104 imbuti
206 3052 276 3104 sunt
290 3064 298 3114 3
314 3049 386 3120 quia
401 3050 465 3104 sine
481 3049 623 3106 societate
639 3048 726 3105 unius
745 3046 910 3104 Mediatoris

81 3136 203 3193 liberari
215 3152 234 3195 a
248 3136 443 3194 damnatione
458 3153 518 3195 non
532 3142 669 3211 possunt,
690 3143 722 3193 ut
743 3136 839 3210 possit
853 3135 909 3201 eis,

82 3226 175 3283 etiam
187 3242 243 3299 pro
257 3226 314 3284 iltis
326 3226 413 3283 malis
428 3243 497 3300 quse
511 3226 559 3285 hie
569 3227 599 3284 in
609 3227 734 3283 dirersis
744 3224 911 3284 afflictioni·

80 3315 141 3372 hus
156 3315 348 3388 pertulerunt,
366 3316 575 3389 compensatio
590 3317 647 3373 ista
660 3314 807 3389 praestari.
826 3314 911 3371 Nunc

82 3408 182 3461 autam
199 3420 267 3460 curn
292 3406 348 3461 ista
367 3407 493 3477 quaeatio
507 3421 568 3462 non
591 3405 685 3477 possit
705 3403 833 3474 absolvi,
853 3404 910 3460 nisi

81 3492 172 3549 etiam
188 3493 226 3549 de
239 3491 286 3548 his
299 3495 432 3566 parvulis
452 3494 681 3566 respondeatur,
696 3492 746 3566 qui
762 3497 829 3564 post
844 3507 910 3564 gra·

76 3581 222 3639 ¹vissimos
235 3583 385 3639 cruciatus
394 3586 457 3640 sine
473 3586 667 3640 sacramento
680 3583 845 3639 christianae
861 3596 911 3639 so-

80 3671 371 3744 cietatisexspirant;
384 3689 452 3746 quie
464 3673 544 3730 circu
554 3689 605 3729 eos
613 3672 818 3744 compensatio
831 3673 909 3742 cogi-

82 3760 175 3817 tanda
189 3766 242 3827 est,
259 3761 371 3834 quibus
385 3762 511 3835 insuper
529 3767 556 3818 et
571 3761 727 3819 damnatio
741 3766 908 3834 preparata

81 3848 244 3907 aetitiam
262 3857 290 3908 et
311 3851 349 3907 de
372 3850 524 3926 baptismo
539 3851 730 3924 parvulorum
757 3850 787 3906 in
803 3851 908 3908 eodem

81 3937 168 4010 libro,
184 3954 246 3997 non
264 3941 388 4013 quidem
413 3941 605 4007 sufficienter,
621 3941 672 3996 sed
698 3943 845 4013 quantum
868 3938 909 3996 illi

80 4028 164 4101 operi
189 4030 262 4087 satis
288 4045 353 4086 ease
378 4030 543 4102 videbatur,
571 4035 731 4102 utcumque
751 4029 906 4103 respondi,

80 4116 269 4191 quodetiam
285 4120 497 4187 nescientibus,
514 4119 647 4177 attidem
662 4135 749 4176 suam
770 4118 908 4176 nondum

81 4205 263 4264 habentibus
283 4209 425 4280 prodest:
448 4225 510 4266 non
536 4213 637 4266 tamen
658 4207 696 4265 de
711 4208 907 4265 damnatione

80 4308 187 4351 eorum
207 4297 415 4367 parvulorum,
430 4298 483 4370 qui
496 4298 561 4355 sina
574 4296 621 4354 ilio
644 4314 680 4354 ex
694 4297 751 4354 hac
765 4298 825 4354 vita
836 4298 908 4354 emi·

79 4388 178 4454 gram,
196 4390 264 4441 tunc
285 4385 398 4459 aliquid
425 4387 587 4444 dicendum
614 4385 727 4459 putavi,
753 4387 907 4459 quianon

68 4473 162 4544 duod
181 4488 263 4530 nunc
275 4474 384 4545 egitur,
405 4475 558 4546 agebatur.

114 4575 159 4626 at.
179 4570 235 4628 Sed
261 4575 293 4628 ut
307 4571 483 4629 omittemus
504 4578 531 4629 et
546 4577 773 4630 contemnamus
787 4588 824 4629 ea
838 4590 906 4646 ques

78 4657 163 4715 brevi
171 4662 306 4731 tempore
315 4661 479 4733 patiuntur,
492 4677 546 4718 nec
558 4666 708 4719 transacta
717 4667 904 4728 revocantur,

78 4748 227 4821 numquid
238 4749 371 4805 similiter
379 4755 570 4807 contemnere
583 4766 746 4823 possumus
756 4750 837 4822 quod
850 4765 907 4819 per

77 4850 171 4892 cnam
180 4836 326 4894 homiuem
337 4844 635 4908 mercamentum
648 4838 794 4895 hominem
807 4853 906 4896 resur·-

78 4923 170 4982 rectio
179 4931 377 4983 mortuorum.
389 4926 469 4984 Sicut
479 4928 557 4985 enim
574 4929 606 4983 r'rr
621 4927 720 4984 Adam
734 4942 834 4984 omnes
846 4944 905 4985 mo

76 5013 902 5090 maturascensChristoomrresvivificabuntarttt'or.

76 5118 127 5171 xv,
136 5104 167 5159 tt
178 5111 205 5162 et
217 5106 263 5178 ti)
273 5103 288 5160 i
300 5105 440 5163 Perhanc
449 5106 529 5162 enim
543 5105 749 5179 apostolicam,
759 5106 903 5179 divinam,

695 142 955 208 aununtiavit
967 145 1180 215 ciassts-m.

1745 158 1799 222 'tat

966 272 1048 341 dem.
1061 276 1093 334 id
1103 281 1341 353 estspirituatem
1353 281 1578 353 generationem
1587 282 1722 354 veniunt,
1734 288 1797 361 qui·
1912 332 1915 337 .

967 378 1096 438 cumque
1106 368 1145 425 ad
1155 369 1302 428 Christum
1317 372 1505 445 perveniunt.
1517 373 1586 430 ideo
1597 389 1670 444 ergo
1680 375 1795 434 dictum

964 460 1022 521 cst,
1037 456 1128 513 ethic
1147 474 1256 526 omnes,
1274 461 1356 518 stibi
1372 477 1472 517 omnes
1488 479 1496 515 :
1511 463 1584 535 quia
1598 464 1674 520 sicut
1690 480 1796 523 omnes

965 543 1018 616 qui
1033 545 1212 618 moriuntur,
1231 549 1354 606 nonnisi
1373 550 1403 605 in
1422 551 1518 606 Adam
1544 552 1737 613 moriuntur:
1755 555 1796 612 ita

964 648 1070 690 omnes
1085 636 1138 709 qui
1153 636 1395 704 vivificabuntur,
1411 638 1531 695 nonnisi
1547 639 1577 696 in
1592 639 1709 699 Christo
1727 643 1798 699 rivi·

964 721 1144 781 flcabuntur.
1170 725 1211 782 Ao
1237 742 1287 799 per
1313 722 1382 793 hoc,
1411 727 1551 800 quisquis
1577 728 1666 785 nobis
1692 729 1797 787 dixerit

963 826 1150 885 quamquam
1167 815 1197 871 in
1220 816 1435 873 resurrectione
1448 823 1636 873 mortuorum
1652 818 1796 877 vivificari

962 915 1052 974 posse
1066 903 1122 958 nisi
1134 904 1164 960 in
1180 905 1313 972 Christ03
1330 908 1478 978 tanquam
1488 904 1579 977 pestis
1594 907 1604 942 ¹
1620 909 1795 965 eommunis

963 989 1034 1047 fidei
1043 991 1237 1049 detestandus
1248 998 1302 1051 est.
1314 994 1388 1052 item
1400 994 1538 1067 quisquis
1554 994 1660 1050 dixerit
1671 996 1755 1069 quod
1763 997 1794 1053 in

966 1079 1082 1137 Christo
1094 1082 1421 1140 vivificabunturetium
1435 1082 1679 1156 parvuliquisine
1693 1087 1796 1144 Sacra·

964 1170 1057 1225 menti
1074 1169 1139 1241 ejus
1155 1172 1382 1243 participatione
1396 1170 1434 1228 de
1448 1172 1508 1229 vita
1522 1173 1704 1239 encanthis
1724 1191 1794 1247 pro-

963 1256 1041 1315 iecto
1054 1264 1082 1315 et
1093 1266 1198 1316 contra
1213 1260 1411 1332 apostoticam
1436 1261 1680 1334 praedicationem
1702 1265 1792 1333 venit,

963 1353 992 1403 et
1002 1351 1096 1404 totam
1110 1349 1291 1407 condemnat
1302 1349 1474 1417 Ecclesiam,
1485 1350 1537 1407 uhi
1550 1358 1711 1423 propterea
1724 1368 1794 1410 cum

964 1434 1454 1509 baptizandisparvulisiestinatur
1462 1444 1489 1495 et
1497 1439 1634 1506 curritur,
1645 1441 1717 1514 quia
1729 1442 1794 1499 sine

964 1521 1058 1580 dubio
1072 1524 1203 1582 creditur
1219 1525 1306 1584 aliter
1320 1541 1372 1584 eos
1389 1528 1418 1582 iu
1436 1527 1551 1583 Christo
1567 1526 1713 1585 vivificari
1729 1545 1796 1586 om·

963 1611 1103 1669 ninonon
1110 1615 1270 1685 possetint
1277 1620 1377 1671 sutem
1384 1630 1446 1672 non
1453 1615 1791 1684 vivificaturinchristo,

964 1706 1054 1758 restat
1064 1705 1097 1758 ut
1107 1702 1136 1760 in
1147 1718 1183 1760 ea
1195 1703 1448 1762 condemnatione
1465 1709 1586 1762 maneat
1596 1705 1634 1761 de
1649 1720 1711 1778 que
1723 1707 1793 1765 dicii

964 1791 1125 1863 Apostolus
1140 1809 1147 1848 τ
1163 1794 1223 1851 Per
1237 1795 1326 1851 acius
1340 1794 1482 1852 delictum
1497 1794 1529 1851 ic
1549 1810 1648 1852 omnes
1663 1795 1794 1854 homines

964 1879 1005 1938 ad
1018 1881 1292 1939 condemnationem
1306 1884 1399 1953 (Rom.
1412 1899 1439 1949 r,
1453 1884 1507 1953 ¹8).
1518 1884 1569 1941 Cui
1580 1883 1688 1940 delicto
1700 1885 1794 1942 obno-

963 1971 1027 2028 xios
1050 1969 1192 2043 parvulos
1213 1972 1308 2036 nasci,
1333 1977 1361 2028 et
1375 1972 1474 2028 omnis
1493 1972 1586 2029 credit
1612 1972 1753 2037 Ecclesia,
1767 1977 1797 2031 et

964 2067 992 2116 et
1004 2061 1067 2131 ipse
1081 2060 1142 2131 jam
1156 2065 1262 2117 contra
1272 2061 1461 2118 toriniacmn
1477 2061 1648 2135 disputans,
1664 2066 1692 2117 et
1704 2077 1796 2135 expo·

964 2162 1039 2205 nens
1052 2149 1160 2204 touam
1182 2148 1372 2221 prophetam,
1388 2149 1465 2205 sicut
1476 2149 1568 2221 paulo
1583 2157 1651 2205 ante
1664 2166 1795 2207 comme·

965 2237 1090 2301 moravi,
1099 2235 1160 2292 tide
1173 2236 1367 2294 veracissima
1379 2238 1510 2294 definisti
1524 2254 1531 2304 ;
1545 2239 1636 2295 oredo
1645 2244 1672 2294 et
1687 2239 1716 2295 in
1727 2238 1794 2295 aliis

964 2325 1037 2382 locis
1050 2324 1266 2398 opusculorum
1277 2330 1398 2382 tuorum
1412 2341 1482 2399 quea
1495 2324 1540 2382 vel
1549 2341 1611 2383 non
1624 2327 1693 2398 legi,
1707 2327 1792 2384 vatin

964 2414 1122 2487 praesentia
1136 2429 1197 2470 non
1208 2414 1360 2473 recordor.
1371 2414 1464 2485 Hujus
1479 2414 1571 2484 igitur
1585 2415 1792 2474 damnationis

964 2503 993 2559 in
1009 2502 1143 2576 parvulis
1163 2517 1289 2559 causam
1306 2503 1443 2575 requir0;
1463 2503 1537 2575 quia
1556 2517 1654 2577 neque
1678 2505 1794 2561 anima·

965 2608 1043 2657 rum,
1067 2592 1090 2646 si
1103 2606 1190 2647 novae
1211 2591 1288 2647 fiunt
1307 2592 1433 2661 singuiis
1459 2593 1595 2663 singulm,
1618 2592 1705 2649 rideo
1725 2609 1790 2650 esse

966 2681 1058 2737 ultum
1081 2682 1111 2738 in
1128 2681 1177 2737 iiie
1191 2686 1278 2738 [etate
1292 2685 1462 2752 peccatum,
1478 2697 1533 2739 nec
1547 2698 1566 2738 a
1580 2685 1639 2738 Deo
1651 2681 1792 2739 damnari

965 2769 1098 2842 aliquam
1114 2769 1212 2836 credo,
1226 2783 1319 2840 quani
1331 2769 1412 2825 videt
1427 2768 1542 2826 nullum
1558 2769 1669 2826 habere
1686 2786 1794 2844 pecca·

965 2864 1041 2915 tum.

1000 2947 1113 3005 CAPUT
1122 2947 1191 3002 vili.
1200 2978 1235 2988 -
1244 2948 1288 3003 22.
1303 2950 1346 3001 An
1358 2945 1431 3002 forte
1443 2946 1608 3003 dicendum
1619 2952 1672 3015 est,
1687 2947 1716 3003 in
1726 2963 1794 3019 par-

965 3037 1036 3095 vulo
1049 3052 1170 3094 carnem
1192 3035 1289 3092 solam
1303 3051 1430 3092 causam
1445 3051 1510 3092 esse
1531 3037 1665 3107 pecceti;
1682 3052 1792 3094 novam

965 3141 1033 3183 vero
1046 3125 1085 3182 iili
1096 3127 1229 3182 animam
1240 3125 1316 3192 fieri,
1327 3140 1389 3197 qua
1398 3125 1566 3181 secundum
1581 3124 1631 3180 Dei
1642 3130 1792 3199 praecepta

964 3215 1093 3281 virente,
1111 3215 1139 3271 in
1165 3214 1316 3287 adjutorio
1331 3214 1435 3285 gratim
1452 3213 1570 3280 Christi,
1588 3219 1614 3270 et
1631 3214 1687 3285 ipsi
1708 3216 1792 3271 carni

964 3305 1103 3363 edomita
1115 3320 1150 3360 ac
1165 3303 1334 3375 subjugatas
1350 3302 1445 3376 possit
1456 3303 1688 3376 incorruptionis
1703 3303 1793 3360 meri-

965 3398 1027 3451 tum
1042 3394 1213 3464 comparari
1228 3409 1236 3449 t
1255 3393 1308 3449 sed
1322 3392 1396 3465 quia
1418 3392 1447 3448 in
1464 3392 1589 3464 parruto
1602 3393 1704 3449 anima
1717 3408 1792 3450 non·

963 3484 1037 3541 dum
1053 3484 1083 3539 id
1098 3496 1187 3553 egere
1205 3486 1312 3554 potest,
1329 3483 1387 3538 nisi
1404 3482 1508 3538 Christi
1523 3483 1671 3553 acceperit
1686 3483 1790 3540 Sacra·

965 3577 1110 3639 mentum,
1127 3587 1181 3645 per
1201 3572 1279 3627 hanc
1294 3572 1422 3641 gretiam
1446 3572 1528 3627 carni
1548 3571 1613 3643 ejus
1628 3572 1792 3644 acquiritur

963 3662 1046 3735 quod
1061 3659 1428 3717 illiusmorihusnondum
1442 3658 1556 3730 potuit;
1572 3661 1598 3714 si
1613 3664 1715 3717 autem
1727 3661 1791 3716 sine

963 3750 1013 3807 iilo
1026 3747 1452 3820 Sacramentoenimaparvuli
1466 3748 1578 3814 exierit,
1590 3750 1657 3821 ipsa
1666 3750 1790 3820 quidem

963 3842 993 3896 in
1015 3846 1127 3895 aeterua
1141 3839 1203 3895 vita
1224 3838 1291 3902 crit,
1320 3838 1399 3893 unde
1414 3852 1480 3893 eam
1500 3836 1616 3893 nullum
1631 3843 1789 3909 peccatum

963 3930 1059 4003 potuit
1081 3942 1232 4001 separare,
1248 3942 1319 3984 caro
1342 3941 1410 3983 vero
1432 3926 1497 3997 ejus
1520 3940 1581 3982 nou
1606 3931 1740 3996 resurget
1759 3926 1789 3982 in

963 4018 1086 4081 Christo,
1111 4030 1171 4072 non
1190 4021 1331 4089 percepto
1356 4019 1425 4072 anta
1445 4017 1572 4071 mortem
1585 4013 1663 4071 iltius
1687 4015 1791 4072 Sacra·

962 4111 1064 4164 mento
1079 4105 1094 4162 i

997 4200 1042 4253 it.
1055 4198 1136 4252 Hanc
1145 4195 1319 4269 opinionem
1334 4210 1493 4268 nunquam
1504 4193 1616 4259 audivi,
1631 4208 1791 4269 nunquam

956 4284 1029 4355 'legi
1048 4285 1103 4342 Sed
1124 4285 1212 4356 plene
1227 4285 1326 4340 audivi
1343 4289 1371 4341 et
1385 4284 1508 4351 credidi,
1524 4286 1647 4357 propter
1665 4283 1748 4356 quod
1762 4287 1791 4339 et

961 4373 1079 4431 locutus
1094 4390 1172 4440 sum,
1194 4374 1269 4442 Quia
1281 4374 1361 4431 uenit
1379 4375 1465 4440 hora,
1482 4373 1602 4446 quando
1617 4386 1717 4428 omnes
1735 4373 1788 4443 qui

961 4465 993 4520 in
1007 4464 1290 4528 monumentisaant,
1303 4463 1426 4520 cudunt
1439 4476 1536 4519 ccccm
1550 4462 1615 4531 ejus
1625 4481 1636 4530 ‚-
1648 4466 1675 4516 et
1684 4475 1787 4529 prore-

961 4552 1088 4624 deniqui
1095 4550 1355 4622 benefeceruntin
1361 4549 1606 4607 resurrectionem
1614 4546 1786 4621 stireman.

961 4659 988 4709 r,
1004 4646 1050 4712 28,
1070 4641 1117 4713 29)
1134 4657 1141 4697 τ
1160 4641 1228 4712 ipsa
1241 4645 1285 4695 est
1306 4639 1344 4696 de
1360 4654 1421 4712 qua
1443 4639 1560 4705 dicitur,
1576 4643 1604 4697 et
1618 4653 1672 4708 per
1693 4652 1787 4694 unum

960 4732 1107 4790 bominem
1123 4731 1301 4787 resurrectio
1316 4735 1501 4786 mortuoram
1514 4745 1526 4792 ,·
1538 4729 1606 4802 ipsa
1620 4732 1665 4784 est
1678 4743 1741 4800 qua
1754 4727 1787 4783 iri

961 4820 1080 4878 Christo
1090 4834 1189 4876 omnes
1200 4817 1433 4888 vivificabantur
1442 4836 1453 4874 .·
1462 4818 1515 4892 qui
1524 4825 1622 4875 autem
1635 4818 1715 4876 male
1724 4831 1789 4888 cpe·

959 4909 1079 4974 rantur
1090 4906 1457 4978 resurrectionerrrjcdicii.
1467 4907 1543 4973 Quid
1554 4903 1786 4979 hioergodeiilis

959 4997 1125 5054 infantibus
1137 4995 1366 5067 intelligendum
1381 4999 1437 5063 est,
1453 4997 1505 5069 qui
1519 4995 1695 5068 priusquam
1715 5006 1788 5065 pos-

959 5091 1025 5144 sent
1039 5102 1127 5158 agere
1141 5086 1185 5143 ret
1201 5085 1277 5143 bene
1298 5086 1345 5142 vei
1370 5085 1459 5156 maie,
1473 5085 1537 5141 sine
1552 5083 1703 5155 baptismo
1718 5096 1787 5138 aor-

76 5191 249 5267 ciaranrque
264 5197 452 5262 sententiam,
471 5197 542 5254 satis
560 5196 712 5254 evidenter
733 5196 838 5265 elucet,
854 5214 904 5254 ne·
959 5192 1031 5251 Wss
1048 5175 1129 5233 ⁰¹⁰5
1145 5176 1241 5232 ’ΠΜ
1263 5174 1336 5231 nihil
1357 5175 1405 5232 ΜΟ
1420 5175 1457 5231 ‘¹⁰
1474 5173 1583 5231 ‘Uibu'
1596 5171 1712 5227 dmum
1730 5175 1784 5227 ⁰⁸¹·

76 5282 190 5339 minem
214 5282 257 5339 p,
272 5283 302 5340 jn
317 5290 443 5341 moriem
466 5285 525 5344 „135
549 5300 602 5358 p„
617 5285 711 5341 Adam
729 5285 902 5352 mmmm
957 5267 1014 5324 Sed
1026 5267 1049 5322 si
1060 5281 1130 5323 earo
1143 5264 1398 5322 aorumidconon
1409 5265 1550 5333 resurget,
1564 5261 1784 5334 quianeeboni

73 5370 118 5427 iit·
129 5371 160 5428 in
182 5371 274 5429 vitam
290 5381 444 5441 aeternam,
462 5375 519 5432 nisi
539 5391 592 5448 per
609 5374 768 5431 Christum,
786 5377 845 5432 [100
859 5381 904 5432 θεν
957 5354 1072 5428 aliquid
1090 5355 1232 5420 iecerunt,
1249 5369 1302 5409 nec
1326 5351 1396 5409 muli
1410 5368 1418 5419 ;
1432 5367 1487 5408 nec
1502 5350 1621 5406 iliorum
1637 5365 1785 5407 resurrec-

73 5457 186 5533 quippe
200 5476 310 5530 omncs,
321 5466 349 5519 et
361 5478 471 5530 omnes,
480 5464 551 5536 quie
560 5462 635 5519 sicut
644 5477 750 5520 ornnes
763 5462 902 5520 homines
949 5449 1024 5502 '¹¹¹1'ss
1036 5451 1092 5509 0⁸¹2
1104 5444 1155 5515 (1¹¹i
1169 5447 1310 5515 901'00912
1322 5440 1463 5514 Bipflffli
1477 5439 1583 5511 Biatia·
1594 5439 1624 5496 in
1634 5438 1686 5497 ill&
1697 5443 1783 5497 &¹⁸¹0

73 5562 129 5621 per
143 5549 284 5623 primam,
300 5549 357 5608 hoc
378 5557 422 5608 est
445 5567 496 5624 per
511 5551 662 5610 carnalem
676 5551 901 5624 generationem
955 5531 1088 5590 d⁰f¹¹¹¹⁰ii
1102 5536 1180 5598 sunt,
1194 5531 1225 5588 5¹¹
1239 5529 1381 5604 q⁰⁸⁰¹ffi¹
1390 5529 1468 5587 ΜΗΘ
1482 5528 1781 5606 '⁰¹ffl810380‘0120·

72 5638 224 5713 pertinent
235 5639 275 5697 ad
287 5640 384 5700 Adam
400 5658 409 5709 ς
424 5641 468 5700 sio
481 5657 588 5702 omnes
600 5641 739 5702 homines
751 5640 902 5701 adsecun-
985 5651 994 5686 ¹
1009 5648 1137 5701 museus
1147 5648 1207 5709 its,
1221 5646 1309 5699 torta.
