3952 6128
84 134 143 195 ωδ
717 134 982 199 EPISTOLARUU
1000 136 1149 197 caussis
1167 138 1215 198 lll.
1746 140 1802 205 000

83 258 186 319 fuerit.
201 258 338 335 Sedqnia
349 258 469 319 videbat
484 261 569 330 alios,
579 262 664 321 idest
674 263 920 339 Arianosperni·
975 262 1101 321 luntatis
1128 268 1197 329 tuce,
1227 265 1457 340 circumspicere
1490 270 1591 325 autem
1620 269 1706 339 potes
1733 265 1811 329 unes

82 348 199 406 ciosius
211 348 538 423 insidiantes,qu0rnm
549 351 654 423 procul
669 352 762 411 dnbio
777 369 859 410 error
866 352 918 411 ad·
975 351 1082 410 annuli
1090 352 1142 410 tui.
1152 352 1289 427 Exempli
1303 356 1398 426 gratia
1408 355 1471 412 duo
1486 355 1583 429 posui,
1595 369 1727 428 quornm
1738 354 1811 414 alte-

79 437 919 514 struitur,siPatrisnaturainvisibilis,liliiverovisibilis
974 442 1087 499 rumad
1099 443 1361 509 mentisobtutum,
1371 444 1497 502 alterum
1507 444 1724 517 adcorporalas
1737 461 1810 503 ocu·

79 526 225 596 creditum
235 528 391 602 utriusque
399 530 672 604 unampariterque
685 531 864 588 invisibilem
872 547 919 588 as·
974 530 1019 588 los
1034 531 1181 605 pertinet:
1198 532 1279 589 visus
1296 534 1388 599 enim,
1404 534 1479 590 sieut
1505 532 1552 589 ille
1577 534 1626 599 ait,
1643 532 1680 590 ad
1695 537 1809 590 utrum-

79 616 917 693 sernitcssenaturam,adjungensetiamSpiritussancti.
973 635 1033 693 que
1044 618 1312 690 referendusest,id
1323 627 1402 679 estet
1414 621 1451 678 ad
1463 621 1568 679 oculos
1581 626 1609 678 et
1619 621 1657 678 ad
1666 627 1807 690 mentem,

79 704 169 772 Quod
183 706 310 764 breviter
320 706 454 780 quidem,
469 709 522 764 sed
531 708 750 766 admirabiliter
761 709 918 781 intimavit,
1009 713 1054 766 22.
1069 711 1158 765 Porro
1170 708 1193 765 ei
1205 712 1561 782 proptereatioumnemo
1572 709 1647 766 vidit
1657 725 1805 783 unquam,

80 794 311 853 nbiseeutnsait
323 797 917 872 :Aetcer-terefcltinonpctcst‚vctPctrcm‚
972 796 1053 870 qnia,
1071 798 1147 854 sicut
1170 799 1212 854 ait
1226 797 1396 871 disputator
1422 799 1508 870 cujrrs
1530 799 1620 854 verba
1639 797 1809 855 considera·

80 882 252 952 botritium,
266 885 310 942 vet
322 888 397 942 certe
410 884 546 959 Spiritum
570 892 709 954 sonetum,
725 890 751 944 si
763 895 855 944 tomen
877 890 920 944 est
974 900 1051 940 mus.
1065 885 1287 944 Plenitudincm
1298 885 1464 943 divinitatis
1476 885 1807 957 ejuscemocorrspecit,

78 972 204 1047 Spiritus
218 974 307 1030 suncti
318 975 394 1041 uuio,
411 991 443 1032 cc
458 976 546 1048 specie
559 977 659 1043 uideri,
684 994 766 1049 quum
793 978 918 1035 vetustus
973 981 1216 1032 uemomeuteout
1226 975 1321 1032 ocutis
1331 973 1555 1045 comprehendit
1568 996 1579 1045 ;
1590 973 1708 1031 «cidit»
1718 974 1806 1041 euim,

76 1062 204 1135 eucerii,
216 1067 383 1120 moraturo
389 1065 563 1136 formaverit.
575 1065 786 1134 Potuitdicere,
796 1069 858 1124 Non
868 1082 918 1124 na·
972 1062 1013 1120 od
1022 1069 1182 1136 utrumque
1194 1063 1386 1134 referendum
1395 1070 1436 1121 est
1446 1080 1455 1118 .·
1465 1067 1559 1119 restat
1568 1062 1719 1136 inquirere
1731 1076 1807 1135 quo·

76 1155 147 1209 tura
157 1152 368 1210 monstraverit
381 1168 389 1220 ;
402 1153 454 1209 sed
465 1153 686 1222 maluitdicerc,
694 1155 866 1227 removerit,
879 1169 918 1212 ne
973 1151 1064 1208 modo
1077 1152 1180 1223 Angeli
1195 1152 1291 1209 Deum
1305 1153 1437 1220 videant,
1451 1157 1573 1224 propter
1586 1151 1659 1208 illud
1671 1151 1755 1225 qnod
1771 1165 1808 1207 ex

76 1239 179 1314 ipsam
195 1240 363 1313 speciemin
374 1257 436 1315 qua
447 1241 633 1314 Denselegit
646 1259 803 1317 apparere,
817 1245 918 1303 desua
973 1240 1131 1312 evangetio
1155 1242 1403 1308 commemoravi.
1430 1241 1538 1311 Acoeti
1564 1255 1664 1298 eorum
1690 1254 1808 1310 temftsst'

76 1333 190 1386 natura
200 1329 331 1388 formare
345 1334 511 1403 putaretur,
524 1336 552 1389 et
563 1347 598 1388 cx
609 1332 667 1389 huc
684 1332 785 1406 utique
797 1333 918 1390 convin·
972 1329 1072 1387 videat
1085 1330 1195 1401 sociere
1211 1331 1311 1388 Putris
1322 1331 1379 1388 mei
1389 1330 1510 1401 (Mettis.
1524 1329 1669 1401 xvur,ttl).
1684 1330 1712 1386 Si
1725 1330 1806 1386 enim

76 1418 409 1476 cereturconvertibilis
421 1436 487 1477 esse
500 1421 716 1495 mutabilisque
724 1421 915 1480 substantiae:
971 1418 1089 1491 stipsis
1114 1435 1175 1475 non
1191 1419 1276 1475 sicuti
1295 1425 1349 1488 est,
1365 1420 1418 1475 sed
1433 1418 1543 1476 latente
1571 1433 1628 1475 sua
1642 1422 1761 1484 natura,
1775 1418 1807 1476 in

76 1505 235 1580 qnodipse
247 1511 350 1565 lteusa
363 1507 549 1583 fidepiorum
560 1510 917 1582 misericorsetbenignus
971 1508 1069 1582 specie
1084 1524 1145 1582 qua
1159 1507 1288 1565 voluerit
1311 1511 1436 1581 apparet
1450 1524 1457 1575 ;
1472 1508 1568 1578 magis
1591 1507 1749 1579 magisque
1761 1521 1805 1564 re·

75 1596 219 1655 avertcrIt
234 1595 242 1653 t
971 1597 1152 1671 quirendum
1158 1602 1202 1654 est
1216 1597 1371 1671 quomodo
1387 1613 1455 1653 enm
1469 1612 1524 1653 nos
1538 1595 1706 1652 videbimus
1719 1594 1807 1653 sicuti

111 1683 916 1762 CAPU'l'Vlll.-20.lnvisibilisestigiturnaturaDens‚
971 1691 1024 1751 est,
1040 1691 1069 1742 et
1095 1684 1172 1742 sicut
1194 1688 1311 1759 ttcyses
1331 1685 1524 1751 desideravit,
1541 1700 1610 1740 cnm
1637 1686 1750 1755 peteret
1775 1686 1807 1740 ut

58 1766 138 1829 fnon
150 1776 270 1831 tantum
289 1776 383 1841 Pater,
398 1774 451 1831 sed
465 1775 575 1848 etipsa
589 1775 725 1841 Trinitas,
739 1792 817 1833 unus
830 1779 916 1838 [icus.
973 1774 1481 1848 Deus,quiinconspectueJusarat,
1490 1771 1807 1830 ostenderetilliseme·

73 1864 108 1919 lit
118 1862 192 1937 quia
203 1878 265 1920 non
279 1869 397 1921 tantum
409 1864 577 1932 invisibilis,
586 1882 688 1922 verum
700 1867 789 1923 etism
804 1866 918 1923 incom.
970 1864 1090 1936 tipsnm.
1109 1866 1168 1920 lloe
1180 1864 1260 1919 enim
1274 1863 1361 1920 nobis
1375 1880 1530 1920 summum
1546 1862 1706 1936 praemium
1721 1861 1752 1918 in
1763 1877 1806 1918 re·

71 1950 286 2020 mutabilique
293 1954 916 2029 apparetquibuevotuerit,inquavoluerit
970 1952 1153 2009 surrectione
1169 1951 1361 2025 promittitur,
1376 1952 1459 2025 quod
1476 1952 1589 2008 erimus
1604 1949 1736 2023 aquales
1747 1954 1808 2006 An.

68 2039 183 2115 specie,
194 2041 320 2114 ntapud
332 2057 406 2098 eum
421 2043 539 2112 integra
552 2045 747 2117 maneatejus
757 2043 916 2103 invisibilis
970 2040 1044 2111 getis
1060 2040 1112 2097 Dei
1127 2041 1210 2112 (Luc.
1225 2055 1275 2109 xx,
1288 2040 1334 2112 36)
1349 2055 1356 2097 :
1372 2056 1408 2098 ιο
1421 2056 1476 2114 per
1490 2040 1548 2097 hoc
1563 2039 1588 2096 si
1601 2054 1655 2095 nec
1667 2038 1724 2109 ipst
1734 2052 1804 2095 enm

67 2126 394 2204 incommutabilisque
405 2136 522 2189 natura.
533 2133 916 2191 bustuariumsutemrers„
969 2130 1072 2187 vident
1094 2130 1180 2186 sicuti
1195 2134 1248 2198 est,
1262 2130 1418 2202 quomodo
1443 2146 1498 2187 nos
1513 2129 1554 2187 ita
1569 2128 1661 2185 visuri
1685 2142 1803 2196 sumus,

71 2218 286 2292 citcrpiorum,
299 2235 360 2294 quo
371 2220 472 2277 videre
483 2220 577 2278 Deum
586 2222 721 2296 eupiunt,
731 2222 915 2280 etinhianter
968 2234 1037 2275 cum
1045 2217 1560 2292 eisaequalesinresurrectionefacti
1567 2213 1733 2274 fuerimus?
1745 2214 1803 2272 Sed

69 2306 245 2374 ardescunt,
255 2309 563 2381 ncn.opin0r,ineam
573 2310 702 2384 speciem
711 2310 914 2367 contuendam
969 2305 1716 2380 videquidconsequentsrdicstnosterumbrosius
1732 2305 1803 2362 :Dc-

68 2394 190 2467 flagrat,
203 2412 268 2469 qna
280 2402 312 2453 ut
322 2397 386 2454 vult
396 2403 533 2470 apparet,
544 2399 628 2471 quod
643 2400 707 2473 ipse
720 2415 779 2458 non
791 2404 850 2467 cst;
861 2400 914 2458 sed
968 2398 1066 2469 reique,
1078 2396 1185 2469 inquit,
1194 2412 1260 2454 cum
1273 2396 1431 2464 additum«
1446 2396 1622 2468 Uniaeuitus
1634 2395 1804 2465 Fitiestpse

68 2485 102 2542 in
117 2500 189 2541 eam
208 2485 421 2550 substantiam,
437 2502 498 2559 qua
513 2486 578 2559 ipse
593 2486 734 2561 estquod
749 2493 801 2544 est.
819 2488 912 2561 liujus
966 2487 1489 2560 uomueit,·»mcutiummu9isquom
1502 2487 1657 2544 oculorum
1672 2483 1801 2542 eisiode·

77 2571 160 2630 onim
171 2572 309 2630 desiderii
322 2573 534 2631 suillammam
547 2580 667 2631 sanctus
678 2578 805 2647 ttoyses,
817 2575 913 2633 fidelis
967 2575 1554 2644 claretur.spee'esecimnicetae-circus
1563 2576 1802 2632 coronarentur:

75 2658 211 2718 famulus
223 2660 289 2733 eJus
300 2661 501 2729 ostendit,ubi
515 2665 556 2719 ait
567 2663 715 2729 Deo,cnm
730 2671 829 2736 quout
841 2664 913 2721 ami·
967 2665 1023 2721 illo
1042 2664 1146 2730 oculis,
1167 2663 1617 2735 caementecompretreectirur.
1634 2662 1688 2731 Qui
1710 2660 1802 2734 paulo

75 2764 132 2805 cus
143 2748 221 2805 facie
236 2749 395 2807 adfaciem
409 2751 590 2824 loquebatur
607 2752 655 2809 :si
668 2752 769 2810 iuueui
782 2753 913 2824 prunam
967 2758 1036 2809 aute
1055 2752 1171 2809 dixerat
1186 2753 1333 2811 visionem
1354 2754 1392 2810 ab
1413 2758 1575 2827 utrumque
1600 2751 1801 2818 referendam,

75 2842 148 2895 cute
158 2843 195 2904 te,
209 2838 329 2895 ostende
340 2839 416 2895 milri
426 2842 612 2910 temetipsum
626 2842 737 2913 (tired.
754 2858 855 2908 xxxin,
869 2843 913 2898 ¹3.
967 2841 1801 2913 nnneeamnonmenti,seducolisdedit:non,utopinor‚

74 2940 135 2985 sec.
148 2927 236 2997 Llllf).
248 2928 324 2994 Quid
337 2931 432 3000 ergo?
445 2928 492 2985 illc
503 2945 564 2985 non
579 2935 643 2987 crat
658 2930 747 3002 ipse?
760 2930 790 2988 Si
801 2934 915 2988 nonest
968 2930 1211 3001 negligentersua
1221 2929 1313 2987 verba
1322 2931 1487 3002 respiciens
1497 2946 1504 2996 ;
1513 2930 1565 2985 sed
1580 2929 1654 3001 quia
1663 2928 1801 2986 usitatius

75 3018 123 3073 set
137 3015 214 3088 ipse,
226 3030 286 3073 non
301 3017 327 3074 ei
342 3016 463 3085 diceret,
479 3018 602 3077 ostende
617 3018 693 3076 milri
706 3020 916 3091 temetipsum
969 3018 1000 3075 in
1016 3017 1169 3092 loquendo
1191 3018 1321 3075 solemus
1342 3017 1437 3075 oculis
1459 3017 1620 3074 attribuere
1640 3017 1800 3085 visionem,

74 3102 141 3173 sed,
153 3103 283 3162 Ostende
293 3105 366 3162 mibi
379 3106 473 3163 Deum
486 3124 493 3160 :
508 3112 645 3164 ettamen
656 3107 680 3163 si
693 3108 759 3179 eJus
773 3112 914 3165 naturam
968 3107 1043 3163 sicut
1055 3107 1185 3179 speciem
1196 3107 1323 3180 corpori.
1334 3109 1444 3164 Namet
1455 3106 1575 3164 hicmos
1588 3104 1730 3179 loquendi
1740 3121 1801 3162 cre·

75 3190 339 3266 substantiamque
355 3196 550 3268 conspiceret,
567 3196 663 3253 multo
678 3197 780 3252 minus
792 3196 912 3263 diceret,
966 3194 1051 3252 brius
1064 3196 1265 3268 usurpaturin
1277 3195 1368 3253 rebus
1378 3211 1447 3269 qum
1458 3194 1738 3260 tociscontinentur‚
1749 3209 1801 3252 va·

74 3281 198 3341 ostende
208 3282 914 3359 mititemestpsum.rpseergoeratineaspecie
967 3283 1800 3357 riantnrqnecoloribus.Sedsinnllaspeciesessetmente

75 3382 140 3445 qna
154 3385 302 3443 apparere
314 3371 448 3429 voluerat
460 3391 467 3443 ;
480 3389 540 3429 non
555 3378 656 3431 autem
670 3374 736 3447 ipse
749 3374 915 3448 apparebat
967 3372 1148 3439 contuenda,
1164 3389 1225 3430 non
1238 3373 1386 3432 diceretur
1402 3374 1450 3431 ille
1462 3373 1610 3444 speciosus
1622 3372 1724 3443 formu
1734 3386 1799 3442 pre

75 3456 110 3517 in
124 3464 234 3517 natura
248 3462 379 3534 propria,
395 3477 489 3535 quam
511 3463 629 3536 lloyses
648 3464 747 3520 videre
763 3465 912 3537 cupiebat.
965 3461 1798 3536 filiisbominuthsot.xc1v‚3).Neqneenimhocsecun·

74 3546 914 3627 anuippapromittitursanctisinatiavita.Undequod
967 3551 1040 3606 dum
1054 3566 1175 3608 carnem
1189 3551 1402 3618 dictumest,et
1413 3566 1472 3608 non
1487 3551 1654 3608 secundnm
1667 3550 1799 3623 speciem

74 3650 259 3709 responsum
270 3643 314 3694 est
326 3638 419 3711 Moysi
435 3655 538 3696 verum
560 3645 613 3708 est,
628 3641 701 3714 quia
714 3657 805 3698 nemo
817 3646 914 3715 potest
968 3640 1163 3712 spiritualem.
1182 3641 1291 3697 Dicitur
1313 3656 1385 3712 crgo
1407 3647 1436 3697 et
1458 3639 1574 3712 species
1591 3640 1742 3712 pertinens
1760 3638 1800 3697 ad

76 3724 188 3785 faciem
204 3725 254 3782 Dei
271 3726 380 3798 videre,
405 3734 432 3784 et
446 3729 546 3786 vivere
563 3746 570 3797 ;
588 3729 617 3786 id
640 3734 697 3797 est,
713 3746 803 3787 nemo
817 3736 914 3803 potest
969 3728 1075 3784 monde
1088 3729 1226 3785 obtutum
1245 3746 1253 3796 ;
1269 3729 1322 3785 sed
1336 3730 1409 3802 quia
1431 3729 1566 3785 usitatius
1577 3728 1609 3784 in
1621 3726 1801 3800 corporibus

75 3828 149 3871 eum
161 3813 193 3871 in
205 3813 263 3872 hac
276 3816 335 3873 vita
348 3815 447 3874 videre
460 3818 564 3874 vivens
576 3818 663 3875 sicuti
676 3824 727 3876 cst.
740 3822 813 3877 Nam
826 3818 913 3877 multi
966 3816 1084 3882 dicitnr,
1091 3816 1139 3874 vel
1150 3817 1180 3874 in
1190 3816 1437 3874 similitudinibus
1445 3833 1617 3890 corporum,
1629 3813 1697 3872 ideo
1706 3814 1781 3871 dixit
1792 3831 1799 3870 ι

73 3900 239 3972 viderunt3
254 3903 308 3961 sed
320 3905 402 3979 quod
418 3906 559 3965 voluntas
574 3906 671 3978 etegit,
688 3923 748 3966 non
763 3909 846 3982 quod
861 3923 913 3965 na·
966 3903 1801 3977 Speciescideturmirtuseeroacuatumittoccutialtaec

76 3994 145 4050 turs
168 3991 319 4050 formavit.
336 3996 368 4051 Et
388 3994 460 4052 illud
487 3995 569 4069 quod
583 3999 713 4054 loannes
729 3997 779 4068 ait,
796 3998 913 4055 sirecte
966 3993 1799 4065 mentccomprelceurtr'tur.ProindenarranteUnigenito,

74 4078 261 4152 intelligitur,
282 4082 482 4151 Dilectissimi,
505 4100 586 4141 nunc
610 4085 669 4155 ntis·
684 4087 738 4143 Dei
756 4102 868 4153 sumus,
883 4088 913 4144 et
965 4084 1017 4157 qui
1032 4085 1114 4140 estin
1126 4085 1194 4140 sinu
1207 4086 1311 4151 Patris,
1323 4085 1495 4143 narratione
1505 4082 1801 4151 ineflabili,creatura

72 4168 211 4226 modam
233 4172 378 4240 apperuit
390 4173 471 4244 quod
484 4175 605 4231 erimus.
628 4174 746 4232 Scimus
763 4175 832 4248 quic
844 4191 912 4233 cum
965 4173 1119 4230 rationalis
1144 4173 1258 4231 munda
1272 4179 1301 4232 et
1321 4179 1426 4232 sancta
1449 4173 1591 4246 impletur
1617 4172 1731 4230 visione
1746 4166 1799 4228 Dei

73 4257 266 4328 apparuere,
279 4258 391 4317 similes
407 4262 433 4317 ei
447 4261 557 4319 emmas
570 4285 580 4333 ‚·
592 4264 732 4336 quioniam
748 4264 911 4322 uidebimus
964 4262 1119 4329 ineflabili,
1141 4279 1234 4336 quam
1250 4268 1320 4319 tnnc
1336 4279 1558 4336 consequemur
1577 4278 1648 4319 cum
1666 4258 1800 4335 aquales

73 4360 144 4405 eum
155 4346 246 4404 ucuti
259 4353 303 4405 est
318 4348 339 4419 (l
349 4348 437 4407 loun.
452 4365 495 4417 ru,
511 4352 558 4424 2):
575 4367 635 4409 non
648 4353 799 4409 sicuteum
815 4352 910 4410 homi·
963 4350 1083 4422 Angelis
1097 4350 1164 4409 lacti
1175 4350 1331 4409 fuerimus.
1343 4352 1502 4419 Quiasicut
1514 4350 1651 4409 videntur
1665 4349 1721 4407 ista
1731 4348 1799 4404 visi·

73 4449 131 4491 nes
146 4433 295 4503 viderunt,
311 4436 436 4510 qnando
451 4437 555 4508 votuit,
569 4438 600 4495 in
616 4440 713 4513 specie
728 4456 790 4513 qua
804 4441 907 4509 voluit,
962 4440 1044 4508 bilia,
1061 4440 1195 4511 corporis
1210 4439 1348 4497 sensibus
1363 4446 1444 4506 nota,
1457 4442 1550 4496 [teum
1560 4454 1648 4495 nemo
1660 4437 1733 4493 vidit
1744 4451 1799 4493 un·

71 4536 138 4581 non
152 4522 184 4580 in
198 4527 316 4597 natura,
332 4541 392 4599 qna
407 4526 437 4583 in
453 4528 625 4601 semetipso,
642 4530 730 4587 etiam
746 4546 816 4587 cum
829 4531 909 4589 vide·
962 4545 1055 4603 quam
1065 4527 1795 4602 :quoniamsialiquandoeomodovisusestmon,

71 4617 168 4678 retur,
183 4610 286 4680 latnit;
302 4612 355 4670 sed
369 4614 456 4671 sicuti
468 4622 521 4685 est,
537 4618 618 4689 quod
636 4617 675 4674 ab
690 4634 725 4675 eo
741 4618 905 4691 petebatur,
963 4618 1039 4673 sicut
1055 4617 1120 4682 ista,
1138 4620 1246 4674 natura
1260 4616 1387 4683 videtur,
1403 4616 1455 4673 sed
1471 4615 1621 4673 voluntate
1635 4614 1718 4671 visus
1732 4616 1791 4681 cst;

73 4700 189 4757 cumei
208 4700 367 4768 diceretur,
383 4704 501 4760 ostende
515 4705 589 4762 mitti
603 4707 797 4777 temetipsum,
818 4707 857 4764 ab
871 4724 907 4765 eo
962 4704 1061 4777 speeie
1080 4721 1141 4777 qua
1155 4702 1247 4759 votuit
1271 4718 1432 4776 apparens,
1449 4704 1561 4762 latente
1581 4709 1691 4760 natura
1706 4708 1796 4777 atque

75 4788 131 4864 qui
148 4803 218 4846 cnm
233 4789 286 4850 illo
299 4790 374 4848 facie
389 4792 546 4849 adfaciem
563 4793 751 4867 loquebatur.
961 4794 992 4850 in
1006 4791 1795 4867 seincommutabiliterpermanente.anutcmmodo

112 4880 160 4936 ct.
179 4878 332 4953 Nonquia
349 4880 398 4937 liei
416 4880 633 4954 plenitudinem
653 4883 825 4956 quisquam,
846 4899 907 4943 non
961 4898 1023 4957 quo
1036 4883 1152 4940 videtur
1168 4883 1253 4939 sicuti
1266 4890 1321 4950 est,
1335 4898 1416 4940 nunc
1430 4884 1559 4942 tortasse
1571 4882 1715 4941 videtura
1729 4880 1796 4954 qui·

74 4964 178 5024 solum
189 4966 284 5025 oculis
295 4969 441 5041 corporis,
452 4969 557 5026 sedvel
567 4970 908 5046 ipsamentealiquando
962 4972 1091 5028 busdam
1107 4970 1225 5042 Angelis
1241 4988 1248 5028 :
1265 4988 1283 5029 ι
1306 4971 1395 5030 nobis
1410 4977 1513 5030 autem
1527 4977 1597 5029 tunc
1620 4972 1661 5028 ita
1683 4966 1795 5025 videbi·

72 5055 316 5127 comprehendit.
962 5063 1019 5127 tur,
1033 5061 1157 5117 cumeis
1173 5059 1242 5118 facti
1256 5060 1403 5119 fuerimus
1418 5064 1562 5134 equales.

112 5144 228 5202 CAPUT
241 5146 285 5204 lli.
295 5177 329 5187 —
343 5144 431 5202 uliud
446 5152 488 5203 est
499 5148 580 5205 enim
594 5147 703 5217 videre,
718 5150 854 5209 aliudest
866 5154 909 5208 to·
998 5151 1110 5208 CAPUT
1125 5152 1155 5206 ll.
1169 5180 1203 5192 -
1213 5154 1257 5207 ii.
1275 5149 1386 5206 Deinde
1399 5166 1469 5207 cum
1480 5147 1645 5207 addidisset
1653 5145 1724 5220 quia
1737 5160 1794 5204 neo

74 5238 140 5291 tum
164 5232 296 5292 videndo
320 5236 585 5307 comprehendere.
607 5239 858 5312 Quandoquidem
877 5240 908 5296 id
962 5233 1793 5311 Potestatescoelorum,sicutSeraphim,nisicumvolunt

72 5322 207 5391 videtur,
220 5322 306 5397 quod
328 5340 461 5396 praesens
478 5332 639 5399 utcumque
654 5328 777 5385 sentitur
792 5345 798 5384 ;
814 5335 907 5387 totum
961 5334 989 5386 et
1001 5328 1261 5402 quemadmodum
1277 5328 1385 5385 volunt
1407 5328 1553 5390 videntur,
1572 5329 1602 5380 ut
1615 5324 1685 5380 binc
1701 5324 1792 5382 etiam

72 5415 179 5470 unum
204 5412 467 5486 comprehenditur
484 5414 623 5474 videndo.
639 5417 720 5489 quod
737 5417 777 5474 ita
792 5418 909 5475 videtur
961 5417 1157 5487 conjiceretur
1168 5422 1283 5489 quanta
1299 5417 1336 5474 sit
1349 5415 1540 5472 invisibilitas
1555 5413 1714 5480 Trinitatis,
1731 5415 1793 5472 To·

73 5507 109 5558 ut
124 5499 198 5558 nihil
213 5500 277 5575 ejus
292 5499 383 5558 lateat
397 5502 556 5567 videntem,
582 5510 633 5561 aut
650 5505 736 5576 cujus
751 5506 826 5562 fines
852 5507 907 5563 cir·
961 5521 1038 5572 men,
1049 5506 1156 5578 inquit,
1172 5507 1228 5564 etsi
1234 5511 1362 5575 potestas
1370 5519 1427 5561 aen
1438 5509 1481 5561 est
1491 5503 1623 5573 videndi,
1635 5509 1674 5562 est
1688 5503 1791 5577 pratia

72 5588 225 5665 cumspici
236 5596 366 5665 possunt
380 5608 387 5653 ;
402 5590 480 5648 sicut
493 5596 520 5649 te
534 5592 605 5650 nibil
614 5593 685 5650 latet
695 5596 850 5669 praesentis
860 5612 907 5652 vo·
960 5594 1152 5665 promerendi
1163 5601 1195 5651 ut
1210 5592 1310 5652 uidere
1322 5592 1477 5665 possimus.
1490 5594 1530 5651 Et
1541 5593 1606 5652 ideo
1617 5593 1669 5668 qui
1683 5592 1791 5652 babuit
