<?xml version="1.0" encoding="UTF-8"?>
<!DOCTYPE html PUBLIC "-//W3C//DTD XHTML 1.0 Transitional//EN"
    "http://www.w3.org/TR/xhtml1/DTD/xhtml1-transitional.dtd">
<html xmlns="http://www.w3.org/1999/xhtml" xml:lang="en" lang="en">
 <head>
  <title>
</title>
<meta http-equiv="Content-Type" content="text/html;charset=utf-8" />
  <meta name='ocr-system' content='tesseract 3.04.00' />
  <meta name='ocr-capabilities' content='ocr_page ocr_carea ocr_par ocr_line ocrx_word'/>
</head>
<body>
  <div class='ocr_page' id='page_1' title='image "./patrologiaecurs05saingoog_0397.png"; bbox 0 0 3952 6128; ppageno 0'>
   <div class='ocr_carea' id='block_1_1' title="bbox 235 182 1941 253">
    <p class='ocr_par' dir='ltr' id='par_1_1' title="bbox 235 182 1941 253">
     <span class='ocr_line' id='line_1_1' title="bbox 235 182 1941 253; baseline -0.005 -2"><span class='ocrx_word' id='word_1_1' title='bbox 235 191 289 253; x_wconf 79' lang='grc'><strong><em>783</em></strong></span> <span class='ocrx_word' id='word_1_2' title='bbox 878 189 909 250; x_wconf 86' lang='lat' dir='ltr'><strong><em>S.</em></strong></span> <span class='ocrx_word' id='word_1_3' title='bbox 929 182 1123 248; x_wconf 77' lang='lat' dir='ltr'><strong><em>naoosttrtt</em></strong></span> <span class='ocrx_word' id='word_1_4' title='bbox 1141 182 1305 246; x_wconf 73' lang='lat' dir='ltr'><strong><em>Episcopi</em></strong></span> <span class='ocrx_word' id='word_1_5' title='bbox 1883 182 1941 244; x_wconf 78' lang='lat' dir='ltr'><strong><em>tat</em></strong></span> 
     </span>
    </p>
   </div>
   <div class='ocr_carea' id='block_1_2' title="bbox 226 308 1944 2531">
    <p class='ocr_par' dir='ltr' id='par_1_2' title="bbox 226 308 1944 1192">
     <span class='ocr_line' id='line_1_2' title="bbox 228 308 1941 391; baseline -0.003 -15"><span class='ocrx_word' id='word_1_6' title='bbox 228 319 379 391; x_wconf 86' lang='lat' dir='ltr'><strong><em>quinccboc</em></strong></span> <span class='ocrx_word' id='word_1_7' title='bbox 391 319 445 374; x_wconf 87' lang='lat' dir='ltr'><strong><em>sibi</em></strong></span> <span class='ocrx_word' id='word_1_8' title='bbox 456 318 670 391; x_wconf 80' lang='lat' dir='ltr'><strong><em>retiqaount‚ut</em></strong></span> <span class='ocrx_word' id='word_1_9' title='bbox 679 316 820 374; x_wconf 71' lang='lat' dir='ltr'><strong><em>scoamtio</em></strong></span> <span class='ocrx_word' id='word_1_10' title='bbox 829 315 941 373; x_wconf 87' lang='lat' dir='ltr'><strong><em>credant</em></strong></span> <span class='ocrx_word' id='word_1_11' title='bbox 950 332 1058 373; x_wconf 74' lang='lat' dir='ltr'><strong><em>reuoca·</em></strong></span> <span class='ocrx_word' id='word_1_12' title='bbox 1148 317 1173 369; x_wconf 88' lang='lat' dir='ltr'><strong><em>t.</em></strong></span> <span class='ocrx_word' id='word_1_13' title='bbox 1189 314 1268 370; x_wconf 83' lang='lat' dir='ltr'><strong><em>Inter</em></strong></span> <span class='ocrx_word' id='word_1_14' title='bbox 1281 319 1391 370; x_wconf 78' lang='lat' dir='ltr'><strong><em>catenas</em></strong></span> <span class='ocrx_word' id='word_1_15' title='bbox 1402 312 1529 370; x_wconf 74' lang='lat' dir='ltr'><strong><em>Romanu</em></strong></span> <span class='ocrx_word' id='word_1_16' title='bbox 1542 308 1671 370; x_wconf 76' lang='lat' dir='ltr'><strong><em>Ecclesia</em></strong></span> <span class='ocrx_word' id='word_1_17' title='bbox 1688 326 1782 380; x_wconf 85' lang='lat' dir='ltr'><strong><em>curas,</em></strong></span> <span class='ocrx_word' id='word_1_18' title='bbox 1796 316 1823 368; x_wconf 90' lang='lat' dir='ltr'><strong><em>et</em></strong></span> <span class='ocrx_word' id='word_1_19' title='bbox 1835 320 1941 385; x_wconf 82' lang='lat' dir='ltr'><strong><em>aposto</em></strong></span> 
     </span>
     <span class='ocr_line' id='line_1_3' title="bbox 228 399 1942 478; baseline -0.005 -13"><span class='ocrx_word' id='word_1_20' title='bbox 228 411 259 465; x_wconf 88' lang='lat' dir='ltr'><strong><em>ri</em></strong></span> <span class='ocrx_word' id='word_1_21' title='bbox 264 406 776 478; x_wconf 84' lang='lat' dir='ltr'><strong><em>aberroribuspossedioino.Ncqontas</em></strong></span> <span class='ocrx_word' id='word_1_22' title='bbox 791 407 862 462; x_wconf 90' lang='lat' dir='ltr'><strong><em>enim</em></strong></span> <span class='ocrx_word' id='word_1_23' title='bbox 876 406 1056 478; x_wconf 84' lang='lat' dir='ltr'><strong><em>adjutoriam,</em></strong></span> <span class='ocrx_word' id='word_1_24' title='bbox 1113 400 1172 459; x_wconf 81' lang='lat' dir='ltr'><strong><em>iicae</em></strong></span> <span class='ocrx_word' id='word_1_25' title='bbox 1188 401 1268 458; x_wconf 87' lang='lat' dir='ltr'><strong><em>Sedis</em></strong></span> <span class='ocrx_word' id='word_1_26' title='bbox 1285 402 1478 475; x_wconf 87' lang='lat' dir='ltr'><strong><em>occupationes,</em></strong></span> <span class='ocrx_word' id='word_1_27' title='bbox 1491 399 1586 473; x_wconf 87' lang='lat' dir='ltr'><strong><em>quibas</em></strong></span> <span class='ocrx_word' id='word_1_28' title='bbox 1607 400 1780 458; x_wconf 87' lang='lat' dir='ltr'><strong><em>diuersorum</em></strong></span> <span class='ocrx_word' id='word_1_29' title='bbox 1795 402 1804 438; x_wconf 93' lang='lat'><strong>¹</strong></span> <span class='ocrx_word' id='word_1_30' title='bbox 1818 403 1942 461; x_wconf 73' lang='lat' dir='ltr'><strong><em>comba</em></strong></span> 
     </span>
     <span class='ocr_line' id='line_1_4' title="bbox 227 490 1942 568; baseline -0.002 -16"><span class='ocrx_word' id='word_1_31' title='bbox 227 514 280 552; x_wconf 93' lang='lat' dir='ltr'><strong><em>non</em></strong></span> <span class='ocrx_word' id='word_1_32' title='bbox 288 496 362 559; x_wconf 88' lang='lat' dir='ltr'><strong><em>otiis,</em></strong></span> <span class='ocrx_word' id='word_1_33' title='bbox 376 495 420 550; x_wconf 92' lang='lat' dir='ltr'><strong><em>sed</em></strong></span> <span class='ocrx_word' id='word_1_34' title='bbox 431 495 486 551; x_wconf 88' lang='lat' dir='ltr'><strong><em>sibi</em></strong></span> <span class='ocrx_word' id='word_1_35' title='bbox 497 496 545 552; x_wconf 85' lang='lat' dir='ltr'><strong><em>boa</em></strong></span> <span class='ocrx_word' id='word_1_36' title='bbox 555 496 664 568; x_wconf 84' lang='lat' dir='ltr'><strong><em>penitus</em></strong></span> <span class='ocrx_word' id='word_1_37' title='bbox 674 494 1059 568; x_wconf 82' lang='lat' dir='ltr'><strong><em>obstulerant,·qaiooetlendi</em></strong></span> <span class='ocrx_word' id='word_1_38' title='bbox 1112 491 1187 564; x_wconf 73' lang='lat' dir='ltr'><strong><em>fideii</em></strong></span> <span class='ocrx_word' id='word_1_39' title='bbox 1201 491 1532 562; x_wconf 82' lang='lat' dir='ltr'><strong><em>acmodicodiceptotione</em></strong></span> <span class='ocrx_word' id='word_1_40' title='bbox 1547 496 1703 555; x_wconf 72' lang='lat' dir='ltr'><strong><em>tractamus,</em></strong></span> <span class='ocrx_word' id='word_1_41' title='bbox 1720 490 1842 561; x_wconf 70' lang='lat' dir='ltr'><strong><em>frateret</em></strong></span> <span class='ocrx_word' id='word_1_42' title='bbox 1857 493 1942 566; x_wconf 85' lang='lat' dir='ltr'><strong><em>coepi-</em></strong></span> 
     </span>
     <span class='ocr_line' id='line_1_5' title="bbox 226 579 1943 658; baseline -0.002 -17"><span class='ocrx_word' id='word_1_43' title='bbox 226 592 289 641; x_wconf 88' lang='lat' dir='ltr'><strong><em>sunt</em></strong></span> <span class='ocrx_word' id='word_1_44' title='bbox 296 585 442 656; x_wconf 88' lang='lat' dir='ltr'><strong><em>tanqius‚ct</em></strong></span> <span class='ocrx_word' id='word_1_45' title='bbox 452 586 485 641; x_wconf 92' lang='lat' dir='ltr'><strong><em>ob</em></strong></span> <span class='ocrx_word' id='word_1_46' title='bbox 494 585 622 642; x_wconf 70' lang='lat' dir='ltr'><strong><em>Ecclesia</em></strong></span> <span class='ocrx_word' id='word_1_47' title='bbox 634 585 889 658; x_wconf 79' lang='lat' dir='ltr'><strong><em>proquiremoocnds&#39;</em></strong></span> <span class='ocrx_word' id='word_1_48' title='bbox 899 583 1057 644; x_wconf 83' lang='lat' dir='ltr'><strong><em>visceribus.</em></strong></span> <span class='ocrx_word' id='word_1_49' title='bbox 1111 598 1202 653; x_wconf 90' lang='lat' dir='ltr'><strong><em>scopus</em></strong></span> <span class='ocrx_word' id='word_1_50' title='bbox 1221 589 1313 637; x_wconf 83' lang='lat' dir='ltr'><strong><em>nostor</em></strong></span> <span class='ocrx_word' id='word_1_51' title='bbox 1323 581 1415 638; x_wconf 75' lang='lat' dir='ltr'><strong><em>tulius</em></strong></span> <span class='ocrx_word' id='word_1_52' title='bbox 1427 579 1588 637; x_wconf 76' lang='lat' dir='ltr'><strong><em>Dilectionis</em></strong></span> <span class='ocrx_word' id='word_1_53' title='bbox 1602 586 1696 636; x_wconf 79' lang='lat' dir='ltr'><strong><em>ocstrae</em></strong></span> <span class='ocrx_word' id='word_1_54' title='bbox 1711 580 1943 654; x_wconf 68' lang='lat' dir='ltr'><strong><em>litterasqaassn</em></strong></span> 
     </span>
     <span class='ocr_line' id='line_1_6' title="bbox 228 669 1943 746; baseline 0 -19"><span class='ocrx_word' id='word_1_55' title='bbox 228 672 317 730; x_wconf 85' lang='lat' dir='ltr'><strong><em>nediu</em></strong></span> <span class='ocrx_word' id='word_1_56' title='bbox 328 673 432 729; x_wconf 88' lang='lat' dir='ltr'><strong><em>inuitas</em></strong></span> <span class='ocrx_word' id='word_1_57' title='bbox 446 674 533 730; x_wconf 86' lang='lat' dir='ltr'><strong><em>mutto</em></strong></span> <span class='ocrx_word' id='word_1_58' title='bbox 549 677 558 712; x_wconf 91' lang='lat'><strong>¹</strong></span> <span class='ocrx_word' id='word_1_59' title='bbox 573 691 716 746; x_wconf 87' lang='lat' dir='ltr'><strong><em>occupans,</em></strong></span> <span class='ocrx_word' id='word_1_60' title='bbox 734 672 895 729; x_wconf 85' lang='lat' dir='ltr'><strong><em>insanabilis</em></strong></span> <span class='ocrx_word' id='word_1_61' title='bbox 905 678 964 744; x_wconf 87' lang='lat' dir='ltr'><strong><em>post</em></strong></span> <span class='ocrx_word' id='word_1_62' title='bbox 978 688 1059 728; x_wconf 88' lang='lat' dir='ltr'><strong><em>error</em></strong></span> <span class='ocrx_word' id='word_1_63' title='bbox 1113 669 1273 726; x_wconf 78' lang='lat' dir='ltr'><strong><em>Miicoitano</em></strong></span> <span class='ocrx_word' id='word_1_64' title='bbox 1295 670 1434 726; x_wconf 79' lang='lat' dir='ltr'><strong><em>conciiio’</em></strong></span> <span class='ocrx_word' id='word_1_65' title='bbox 1454 686 1523 725; x_wconf 89' lang='lat' dir='ltr'><strong><em>curo</em></strong></span> <span class='ocrx_word' id='word_1_66' title='bbox 1541 669 1606 741; x_wconf 79' lang='lat' dir='ltr'><strong><em>fidei</em></strong></span> <span class='ocrx_word' id='word_1_67' title='bbox 1626 669 1802 741; x_wconf 86' lang='lat' dir='ltr'><strong><em>propensiore</em></strong></span> <span class='ocrx_word' id='word_1_68' title='bbox 1817 671 1943 738; x_wconf 73' lang='lat' dir='ltr'><strong><em>mismtis,</em></strong></span> 
     </span>
     <span class='ocr_line' id='line_1_7' title="bbox 227 758 1944 836; baseline -0.001 -19"><span class='ocrx_word' id='word_1_69' title='bbox 227 761 1055 836; x_wconf 70' lang='lat' dir='ltr'><strong><em>increscat.Sienimdiasabbactaerintimpunitoteaersoti,</em></strong></span> <span class='ocrx_word' id='word_1_70' title='bbox 1111 759 1183 815; x_wconf 85' lang='lat' dir='ltr'><strong><em>mibi</em></strong></span> <span class='ocrx_word' id='word_1_71' title='bbox 1197 759 1373 831; x_wconf 90' lang='lat' dir='ltr'><strong><em>inopinentur</em></strong></span> <span class='ocrx_word' id='word_1_72' title='bbox 1383 760 1503 831; x_wconf 88' lang='lat' dir='ltr'><strong><em>inqessit.</em></strong></span> <span class='ocrx_word' id='word_1_73' title='bbox 1519 758 1833 829; x_wconf 84' lang='lat' dir='ltr'><strong><em>Cortboqinensisetiam</em></strong></span> <span class='ocrx_word' id='word_1_74' title='bbox 1847 760 1944 831; x_wconf 79' lang='lat' dir='ltr'><strong><em>suuodi</em></strong></span> 
     </span>
     <span class='ocr_line' id='line_1_8' title="bbox 227 845 1941 924; baseline -0.002 -17"><span class='ocrx_word' id='word_1_75' title='bbox 227 868 328 907; x_wconf 87' lang='lat' dir='ltr'><strong><em>necesse</em></strong></span> <span class='ocrx_word' id='word_1_76' title='bbox 342 859 378 907; x_wconf 85' lang='lat' dir='ltr'><strong><em>est</em></strong></span> <span class='ocrx_word' id='word_1_77' title='bbox 391 852 487 909; x_wconf 79' lang='lat' dir='ltr'><strong><em>multos</em></strong></span> <span class='ocrx_word' id='word_1_78' title='bbox 498 854 526 907; x_wconf 90' lang='lat' dir='ltr'><strong><em>in</em></strong></span> <span class='ocrx_word' id='word_1_79' title='bbox 540 853 608 908; x_wconf 88' lang='lat' dir='ltr'><strong><em>banc</em></strong></span> <span class='ocrx_word' id='word_1_80' title='bbox 621 869 676 909; x_wconf 74' lang='lat' dir='ltr'><strong><em>sam</em></strong></span> <span class='ocrx_word' id='word_1_81' title='bbox 689 854 854 924; x_wconf 72' lang='lat' dir='ltr'><strong><em>pravitatem</em></strong></span> <span class='ocrx_word' id='word_1_82' title='bbox 868 852 966 907; x_wconf 89' lang='lat' dir='ltr'><strong><em>mentis</em></strong></span> <span class='ocrx_word' id='word_1_83' title='bbox 979 849 1058 905; x_wconf 87' lang='lat' dir='ltr'><strong><em>inda·</em></strong></span> <span class='ocrx_word' id='word_1_84' title='bbox 1111 847 1226 922; x_wconf 81' lang='lat' dir='ltr'><strong><em>querelae</em></strong></span> <span class='ocrx_word' id='word_1_85' title='bbox 1237 848 1342 920; x_wconf 90' lang='lat' dir='ltr'><strong><em>paritis</em></strong></span> <span class='ocrx_word' id='word_1_86' title='bbox 1355 848 1458 919; x_wconf 89' lang='lat' dir='ltr'><strong><em>scripta</em></strong></span> <span class='ocrx_word' id='word_1_87' title='bbox 1471 847 1646 919; x_wconf 82' lang='lat' dir='ltr'><strong><em>subjunpens.</em></strong></span> <span class='ocrx_word' id='word_1_88' title='bbox 1660 845 1806 904; x_wconf 80' lang='lat' dir='ltr'><strong><em>Nimirum</em></strong></span> <span class='ocrx_word' id='word_1_89' title='bbox 1819 848 1941 904; x_wconf 69' lang='lat' dir='ltr'><strong><em>excubat</em></strong></span> 
     </span>
     <span class='ocr_line' id='line_1_9' title="bbox 228 936 1943 1013; baseline -0.002 -16"><span class='ocrx_word' id='word_1_90' title='bbox 228 947 291 997; x_wconf 91' lang='lat' dir='ltr'><strong><em>cant</em></strong></span> <span class='ocrx_word' id='word_1_91' title='bbox 300 941 489 1013; x_wconf 83' lang='lat' dir='ltr'><strong><em>decipiantque</em></strong></span> <span class='ocrx_word' id='word_1_92' title='bbox 504 943 668 1008; x_wconf 86' lang='lat' dir='ltr'><strong><em>innocentes,</em></strong></span> <span class='ocrx_word' id='word_1_93' title='bbox 691 941 733 997; x_wconf 86' lang='lat' dir='ltr'><strong><em>oct</em></strong></span> <span class='ocrx_word' id='word_1_94' title='bbox 744 941 836 1013; x_wconf 86' lang='lat' dir='ltr'><strong><em>potius</em></strong></span> <span class='ocrx_word' id='word_1_95' title='bbox 861 939 1055 1012; x_wconf 77' lang='lat' dir='ltr'><strong><em>imprudentes.</em></strong></span> <span class='ocrx_word' id='word_1_96' title='bbox 1111 937 1342 994; x_wconf 81' lang='lat' dir='ltr'><strong><em>Ecclesiatantom</em></strong></span> <span class='ocrx_word' id='word_1_97' title='bbox 1354 936 1564 994; x_wconf 77' lang='lat' dir='ltr'><strong><em>sottanaoinem</em></strong></span> <span class='ocrx_word' id='word_1_98' title='bbox 1574 938 1722 993; x_wconf 79' lang='lat' dir='ltr'><strong><em>commissis</em></strong></span> <span class='ocrx_word' id='word_1_99' title='bbox 1730 937 1943 1009; x_wconf 77' lang='lat' dir='ltr'><strong><em>qreqibuseabi·</em></strong></span> 
     </span>
     <span class='ocr_line' id='line_1_10' title="bbox 228 1026 1944 1103; baseline -0.002 -18"><span class='ocrx_word' id='word_1_100' title='bbox 228 1031 277 1102; x_wconf 89' lang='lat' dir='ltr'><strong><em>qai</em></strong></span> <span class='ocrx_word' id='word_1_101' title='bbox 283 1030 362 1101; x_wconf 71' lang='lat' dir='ltr'><strong><em>fidem</em></strong></span> <span class='ocrx_word' id='word_1_102' title='bbox 377 1029 844 1103; x_wconf 87' lang='lat' dir='ltr'><strong><em>oatbotioamsequautur.t’atobant</em></strong></span> <span class='ocrx_word' id='word_1_103' title='bbox 854 1031 975 1087; x_wconf 84' lang='lat' dir='ltr'><strong><em>enimam</em></strong></span> <span class='ocrx_word' id='word_1_104' title='bbox 985 1035 1058 1085; x_wconf 86' lang='lat' dir='ltr'><strong><em>recte</em></strong></span> <span class='ocrx_word' id='word_1_105' title='bbox 1112 1026 1171 1084; x_wconf 85' lang='lat' dir='ltr'><strong><em>bere</em></strong></span> <span class='ocrx_word' id='word_1_106' title='bbox 1188 1034 1316 1100; x_wconf 87' lang='lat' dir='ltr'><strong><em>pastores,</em></strong></span> <span class='ocrx_word' id='word_1_107' title='bbox 1331 1034 1362 1083; x_wconf 91' lang='lat' dir='ltr'><strong><em>nt</em></strong></span> <span class='ocrx_word' id='word_1_108' title='bbox 1373 1043 1427 1082; x_wconf 91' lang='lat' dir='ltr'><strong><em>non</em></strong></span> <span class='ocrx_word' id='word_1_109' title='bbox 1438 1029 1526 1087; x_wconf 84' lang='lat' dir='ltr'><strong><em>sotum</em></strong></span> <span class='ocrx_word' id='word_1_110' title='bbox 1540 1028 1673 1084; x_wconf 87' lang='lat' dir='ltr'><strong><em>neminem</em></strong></span> <span class='ocrx_word' id='word_1_111' title='bbox 1688 1042 1721 1082; x_wconf 81' lang='lat' dir='ltr'><strong><em>ea</em></strong></span> <span class='ocrx_word' id='word_1_112' title='bbox 1735 1026 1779 1082; x_wconf 88' lang='lat' dir='ltr'><strong><em>bis</em></strong></span> <span class='ocrx_word' id='word_1_113' title='bbox 1794 1030 1944 1099; x_wconf 86' lang='lat' dir='ltr'><strong><em>potiantur</em></strong></span> 
     </span>
     <span class='ocr_line' id='line_1_11' title="bbox 227 1115 1942 1192; baseline 0 -18"><span class='ocrx_word' id='word_1_114' title='bbox 227 1122 340 1188; x_wconf 87' lang='lat' dir='ltr'><strong><em>sentire,</em></strong></span> <span class='ocrx_word' id='word_1_115' title='bbox 355 1136 420 1191; x_wconf 91' lang='lat' dir='ltr'><strong><em>qaos</em></strong></span> <span class='ocrx_word' id='word_1_116' title='bbox 433 1120 527 1176; x_wconf 84' lang='lat' dir='ltr'><strong><em>adbuc</em></strong></span> <span class='ocrx_word' id='word_1_117' title='bbox 535 1120 654 1176; x_wconf 82' lang='lat' dir='ltr'><strong><em>uiderint</em></strong></span> <span class='ocrx_word' id='word_1_118' title='bbox 669 1122 699 1175; x_wconf 95' lang='lat' dir='ltr'><strong><em>in</em></strong></span> <span class='ocrx_word' id='word_1_119' title='bbox 711 1119 829 1176; x_wconf 78' lang='lat' dir='ltr'><strong><em>Ecclesia</em></strong></span> <span class='ocrx_word' id='word_1_120' title='bbox 838 1119 1001 1192; x_wconf 78' lang='lat' dir='ltr'><strong><em>perdurare.</em></strong></span> <span class='ocrx_word' id='word_1_121' title='bbox 1110 1133 1216 1184; x_wconf 91' lang='lat' dir='ltr'><strong><em>errore,</em></strong></span> <span class='ocrx_word' id='word_1_122' title='bbox 1238 1116 1284 1172; x_wconf 87' lang='lat' dir='ltr'><strong><em>sed</em></strong></span> <span class='ocrx_word' id='word_1_123' title='bbox 1298 1118 1322 1172; x_wconf 87' lang='lat' dir='ltr'><strong><em>si</em></strong></span> <span class='ocrx_word' id='word_1_124' title='bbox 1344 1133 1410 1188; x_wconf 88' lang='lat' dir='ltr'><strong><em>quas</em></strong></span> <span class='ocrx_word' id='word_1_125' title='bbox 1421 1118 1509 1189; x_wconf 87' lang='lat' dir='ltr'><strong><em>maqis</em></strong></span> <span class='ocrx_word' id='word_1_126' title='bbox 1526 1117 1616 1173; x_wconf 88' lang='lat' dir='ltr'><strong><em>ooium</em></strong></span> <span class='ocrx_word' id='word_1_127' title='bbox 1630 1133 1722 1172; x_wconf 75' lang='lat' dir='ltr'><strong><em>sonum</em></strong></span> <span class='ocrx_word' id='word_1_128' title='bbox 1749 1115 1942 1174; x_wconf 74' lang='lat' dir='ltr'><strong><em>detmtatiouis</em></strong></span> 
     </span>
    </p>

    <p class='ocr_par' dir='ltr' id='par_1_3' title="bbox 226 1205 1943 2531">
     <span class='ocr_line' id='line_1_12' title="bbox 264 1205 1943 1281; baseline -0.002 -16"><span class='ocrx_word' id='word_1_129' title='bbox 264 1213 291 1265; x_wconf 87' lang='lat' dir='ltr'><strong><em>s.</em></strong></span> <span class='ocrx_word' id='word_1_130' title='bbox 308 1207 456 1280; x_wconf 79' lang='lat' dir='ltr'><strong><em>Separatur</em></strong></span> <span class='ocrx_word' id='word_1_131' title='bbox 471 1225 535 1281; x_wconf 86' lang='lat' dir='ltr'><strong><em>erqo</em></strong></span> <span class='ocrx_word' id='word_1_132' title='bbox 552 1227 569 1265; x_wconf 90' lang='lat' dir='ltr'><strong><em>a</em></strong></span> <span class='ocrx_word' id='word_1_133' title='bbox 587 1226 653 1265; x_wconf 93' lang='lat' dir='ltr'><strong><em>sono</em></strong></span> <span class='ocrx_word' id='word_1_134' title='bbox 676 1225 790 1280; x_wconf 88' lang='lat' dir='ltr'><strong><em>corpore</em></strong></span> <span class='ocrx_word' id='word_1_135' title='bbox 811 1209 909 1265; x_wconf 88' lang='lat' dir='ltr'><strong><em>outnas</em></strong></span> <span class='ocrx_word' id='word_1_136' title='bbox 930 1209 1056 1264; x_wconf 86' lang='lat' dir='ltr'><strong><em>insanam</em></strong></span> <span class='ocrx_word' id='word_1_137' title='bbox 1110 1206 1193 1262; x_wconf 86' lang='lat' dir='ltr'><strong><em>berbo</em></strong></span> <span class='ocrx_word' id='word_1_138' title='bbox 1208 1205 1328 1271; x_wconf 80' lang='lat' dir='ltr'><strong><em>seducit,</em></strong></span> <span class='ocrx_word' id='word_1_139' title='bbox 1342 1222 1373 1261; x_wconf 92' lang='lat' dir='ltr'><strong><em>ao</em></strong></span> <span class='ocrx_word' id='word_1_140' title='bbox 1384 1206 1411 1261; x_wconf 90' lang='lat' dir='ltr'><strong><em>si</em></strong></span> <span class='ocrx_word' id='word_1_141' title='bbox 1424 1206 1454 1260; x_wconf 92' lang='lat' dir='ltr'><strong><em>in</em></strong></span> <span class='ocrx_word' id='word_1_142' title='bbox 1469 1206 1779 1277; x_wconf 80' lang='lat' dir='ltr'><strong><em>erroreperruonsosint,</em></strong></span> <span class='ocrx_word' id='word_1_143' title='bbox 1791 1213 1943 1279; x_wconf 80' lang='lat' dir='ltr'><strong><em>autssqrr·</em></strong></span> 
     </span>
     <span class='ocr_line' id='line_1_13' title="bbox 227 1294 1941 1370; baseline -0.001 -18"><span class='ocrx_word' id='word_1_144' title='bbox 227 1306 378 1370; x_wconf 82' lang='lat' dir='ltr'><strong><em>remotoque</em></strong></span> <span class='ocrx_word' id='word_1_145' title='bbox 388 1297 476 1353; x_wconf 90' lang='lat' dir='ltr'><strong><em>morbi</em></strong></span> <span class='ocrx_word' id='word_1_146' title='bbox 487 1300 623 1354; x_wconf 76' lang='lat' dir='ltr'><strong><em>saviensis</em></strong></span> <span class='ocrx_word' id='word_1_147' title='bbox 637 1299 850 1370; x_wconf 73' lang='lat' dir='ltr'><strong><em>ospiotacaatias</em></strong></span> <span class='ocrx_word' id='word_1_148' title='bbox 864 1299 1055 1370; x_wconf 76' lang='lat' dir='ltr'><strong><em>qaaesantsin-</em></strong></span> <span class='ocrx_word' id='word_1_149' title='bbox 1108 1297 1174 1369; x_wconf 82' lang='lat' dir='ltr'><strong><em>pari</em></strong></span> <span class='ocrx_word' id='word_1_150' title='bbox 1184 1296 1293 1367; x_wconf 90' lang='lat' dir='ltr'><strong><em>penitus</em></strong></span> <span class='ocrx_word' id='word_1_151' title='bbox 1305 1294 1390 1351; x_wconf 88' lang='lat' dir='ltr'><strong><em>oetint</em></strong></span> <span class='ocrx_word' id='word_1_152' title='bbox 1402 1302 1450 1350; x_wconf 89' lang='lat' dir='ltr'><strong><em>aut</em></strong></span> <span class='ocrx_word' id='word_1_153' title='bbox 1462 1295 1600 1350; x_wconf 82' lang='lat' dir='ltr'><strong><em>illicenter</em></strong></span> <span class='ocrx_word' id='word_1_154' title='bbox 1612 1294 1715 1351; x_wconf 89' lang='lat' dir='ltr'><strong><em>dudam</em></strong></span> <span class='ocrx_word' id='word_1_155' title='bbox 1721 1296 1808 1367; x_wconf 87' lang='lat' dir='ltr'><strong><em>petita</em></strong></span> <span class='ocrx_word' id='word_1_156' title='bbox 1824 1294 1941 1351; x_wconf 81' lang='lat' dir='ltr'><strong><em>vitantes</em></strong></span> 
     </span>
     <span class='ocr_line' id='line_1_14' title="bbox 226 1384 1941 1461; baseline -0.002 -17"><span class='ocrx_word' id='word_1_157' title='bbox 226 1403 289 1444; x_wconf 85' lang='lat' dir='ltr'><strong><em>cero</em></strong></span> <span class='ocrx_word' id='word_1_158' title='bbox 304 1388 492 1458; x_wconf 85' lang='lat' dir='ltr'><strong><em>perdurent‚et</em></strong></span> <span class='ocrx_word' id='word_1_159' title='bbox 508 1405 574 1459; x_wconf 81' lang='lat' dir='ltr'><strong><em>quen</em></strong></span> <span class='ocrx_word' id='word_1_160' title='bbox 588 1388 867 1459; x_wconf 87' lang='lat' dir='ltr'><strong><em>pariorobbarmati</em></strong></span> <span class='ocrx_word' id='word_1_161' title='bbox 875 1388 979 1461; x_wconf 86' lang='lat' dir='ltr'><strong><em>pecoris</em></strong></span> <span class='ocrx_word' id='word_1_162' title='bbox 992 1404 1055 1443; x_wconf 89' lang='lat' dir='ltr'><strong><em>con-</em></strong></span> <span class='ocrx_word' id='word_1_163' title='bbox 1108 1385 1235 1442; x_wconf 81' lang='lat' dir='ltr'><strong><em>custodiae</em></strong></span> <span class='ocrx_word' id='word_1_164' title='bbox 1251 1385 1381 1456; x_wconf 76' lang='lat' dir='ltr'><strong><em>pristina</em></strong></span> <span class='ocrx_word' id='word_1_165' title='bbox 1396 1384 1630 1457; x_wconf 76' lang='lat' dir='ltr'><strong><em>circumspectioni</em></strong></span> <span class='ocrx_word' id='word_1_166' title='bbox 1652 1386 1751 1451; x_wconf 87' lang='lat' dir='ltr'><strong><em>tutari,</em></strong></span> <span class='ocrx_word' id='word_1_167' title='bbox 1766 1385 1795 1440; x_wconf 85' lang='lat' dir='ltr'><strong><em>in</em></strong></span> <span class='ocrx_word' id='word_1_168' title='bbox 1824 1390 1941 1457; x_wconf 86' lang='lat' dir='ltr'><strong><em>utroque</em></strong></span> 
     </span>
     <span class='ocr_line' id='line_1_15' title="bbox 228 1472 1940 1549; baseline -0.003 -17"><span class='ocrx_word' id='word_1_169' title='bbox 228 1478 482 1548; x_wconf 81' lang='lat' dir='ltr'><strong><em>taqioneparqetur.</em></strong></span> <span class='ocrx_word' id='word_1_170' title='bbox 504 1478 550 1533; x_wconf 89' lang='lat' dir='ltr'><strong><em>Sit</em></strong></span> <span class='ocrx_word' id='word_1_171' title='bbox 561 1478 644 1533; x_wconf 89' lang='lat' dir='ltr'><strong><em>totius</em></strong></span> <span class='ocrx_word' id='word_1_172' title='bbox 661 1480 783 1549; x_wconf 88' lang='lat' dir='ltr'><strong><em>corporis</em></strong></span> <span class='ocrx_word' id='word_1_173' title='bbox 797 1477 1053 1548; x_wconf 71' lang='lat' dir='ltr'><strong><em>ittibotopertectia</em></strong></span> <span class='ocrx_word' id='word_1_174' title='bbox 1108 1480 1188 1548; x_wconf 87' lang='lat' dir='ltr'><strong><em>porte</em></strong></span> <span class='ocrx_word' id='word_1_175' title='bbox 1199 1472 1940 1546; x_wconf 77' lang='lat' dir='ltr'><strong><em>uidelicetmnustcntesmeoeisuscipiendototessimiti</em></strong></span> 
     </span>
     <span class='ocr_line' id='line_1_16' title="bbox 228 1561 1937 1639; baseline -0.001 -18"><span class='ocrx_word' id='word_1_176' title='bbox 228 1583 307 1637; x_wconf 89' lang='lat' dir='ltr'><strong><em>quam</em></strong></span> <span class='ocrx_word' id='word_1_177' title='bbox 321 1583 365 1621; x_wconf 89' lang='lat' dir='ltr'><strong><em>oos</em></strong></span> <span class='ocrx_word' id='word_1_178' title='bbox 379 1568 453 1637; x_wconf 88' lang='lat' dir='ltr'><strong><em>sequi</em></strong></span> <span class='ocrx_word' id='word_1_179' title='bbox 463 1574 487 1621; x_wconf 92' lang='lat' dir='ltr'><strong><em>et</em></strong></span> <span class='ocrx_word' id='word_1_180' title='bbox 498 1567 643 1622; x_wconf 87' lang='lat' dir='ltr'><strong><em>tenereboo</em></strong></span> <span class='ocrx_word' id='word_1_181' title='bbox 658 1567 687 1621; x_wconf 92' lang='lat' dir='ltr'><strong><em>in</em></strong></span> <span class='ocrx_word' id='word_1_182' title='bbox 702 1568 766 1622; x_wconf 87' lang='lat' dir='ltr'><strong><em>ittos</em></strong></span> <span class='ocrx_word' id='word_1_183' title='bbox 777 1567 1003 1639; x_wconf 77' lang='lat' dir='ltr'><strong><em>pronuntiatione</em></strong></span> <span class='ocrx_word' id='word_1_184' title='bbox 1014 1584 1056 1623; x_wconf 88' lang='lat' dir='ltr'><strong><em>ca·</em></strong></span> <span class='ocrx_word' id='word_1_185' title='bbox 1107 1573 1213 1622; x_wconf 81' lang='lat' dir='ltr'><strong><em>caeterm</em></strong></span> <span class='ocrx_word' id='word_1_186' title='bbox 1226 1564 1393 1621; x_wconf 68' lang='lat' dir='ltr'><strong><em>omucantur</em></strong></span> <span class='ocrx_word' id='word_1_187' title='bbox 1405 1563 1528 1634; x_wconf 80' lang='lat' dir='ltr'><strong><em>eaempto</em></strong></span> <span class='ocrx_word' id='word_1_188' title='bbox 1545 1561 1606 1627; x_wconf 88' lang='lat' dir='ltr'><strong><em>;oet</em></strong></span> <span class='ocrx_word' id='word_1_189' title='bbox 1619 1562 1769 1634; x_wconf 86' lang='lat' dir='ltr'><strong><em>spernendo</em></strong></span> <span class='ocrx_word' id='word_1_190' title='bbox 1783 1562 1937 1628; x_wconf 79' lang='lat' dir='ltr'><strong><em>redeuntes,</em></strong></span> 
     </span>
     <span class='ocr_line' id='line_1_17' title="bbox 228 1651 1937 1727; baseline 0 -18"><span class='ocrx_word' id='word_1_191' title='bbox 228 1656 368 1725; x_wconf 86' lang='lat' dir='ltr'><strong><em>qnooimus</em></strong></span> <span class='ocrx_word' id='word_1_192' title='bbox 382 1662 406 1709; x_wconf 89' lang='lat' dir='ltr'><strong><em>et</em></strong></span> <span class='ocrx_word' id='word_1_193' title='bbox 428 1671 482 1710; x_wconf 91' lang='lat' dir='ltr'><strong><em>ano</em></strong></span> <span class='ocrx_word' id='word_1_194' title='bbox 505 1655 636 1710; x_wconf 85' lang='lat' dir='ltr'><strong><em>uobiscum</em></strong></span> <span class='ocrx_word' id='word_1_195' title='bbox 657 1657 723 1727; x_wconf 89' lang='lat' dir='ltr'><strong><em>pari</em></strong></span> <span class='ocrx_word' id='word_1_196' title='bbox 742 1656 891 1710; x_wconf 86' lang='lat' dir='ltr'><strong><em>assensione</em></strong></span> <span class='ocrx_word' id='word_1_197' title='bbox 905 1671 1052 1712; x_wconf 81' lang='lat' dir='ltr'><strong><em>cernamus.</em></strong></span> <span class='ocrx_word' id='word_1_198' title='bbox 1109 1651 1783 1726; x_wconf 79' lang='lat' dir='ltr'><strong><em>luporummorsibusvideantarinqestae.Prudcns</em></strong></span> <span class='ocrx_word' id='word_1_199' title='bbox 1791 1651 1937 1709; x_wconf 77' lang='lat' dir='ltr'><strong><em>admodum</em></strong></span> 
     </span>
     <span class='ocr_line' id='line_1_18' title="bbox 230 1741 1937 1816; baseline 0.001 -18"><span class='ocrx_word' id='word_1_200' title='bbox 230 1742 315 1809; x_wconf 82' lang='lat' dir='ltr'><strong><em>Quiri</em></strong></span> <span class='ocrx_word' id='word_1_201' title='bbox 330 1750 424 1799; x_wconf 89' lang='lat' dir='ltr'><strong><em>tomen</em></strong></span> <span class='ocrx_word' id='word_1_202' title='bbox 442 1743 554 1815; x_wconf 81' lang='lat' dir='ltr'><strong><em>aliquod</em></strong></span> <span class='ocrx_word' id='word_1_203' title='bbox 569 1744 633 1799; x_wconf 87' lang='lat' dir='ltr'><strong><em>inse</em></strong></span> <span class='ocrx_word' id='word_1_204' title='bbox 654 1744 705 1799; x_wconf 88' lang='lat' dir='ltr'><strong><em>Dei</em></strong></span> <span class='ocrx_word' id='word_1_205' title='bbox 718 1744 898 1815; x_wconf 77' lang='lat' dir='ltr'><strong><em>adiutorium,</em></strong></span> <span class='ocrx_word' id='word_1_206' title='bbox 913 1744 1054 1816; x_wconf 87' lang='lat' dir='ltr'><strong><em>quodbac·</em></strong></span> <span class='ocrx_word' id='word_1_207' title='bbox 1108 1751 1133 1799; x_wconf 90' lang='lat' dir='ltr'><strong><em>et</em></strong></span> <span class='ocrx_word' id='word_1_208' title='bbox 1152 1743 1290 1800; x_wconf 82' lang='lat' dir='ltr'><strong><em>aotboticse</em></strong></span> <span class='ocrx_word' id='word_1_209' title='bbox 1303 1742 1369 1815; x_wconf 75' lang='lat' dir='ltr'><strong><em>fidei</em></strong></span> <span class='ocrx_word' id='word_1_210' title='bbox 1391 1742 1470 1814; x_wconf 88' lang='lat' dir='ltr'><strong><em>pleno</em></strong></span> <span class='ocrx_word' id='word_1_211' title='bbox 1483 1741 1647 1797; x_wconf 76' lang='lat' dir='ltr'><strong><em>consultatio</em></strong></span> <span class='ocrx_word' id='word_1_212' title='bbox 1658 1742 1680 1795; x_wconf 80' lang='lat'><strong><em>⁸.</em></strong></span> <span class='ocrx_word' id='word_1_213' title='bbox 1705 1741 1773 1808; x_wconf 80' lang='lat' dir='ltr'><strong><em>Quis</em></strong></span> <span class='ocrx_word' id='word_1_214' title='bbox 1792 1742 1871 1797; x_wconf 82' lang='lat' dir='ltr'><strong><em>enim</em></strong></span> <span class='ocrx_word' id='word_1_215' title='bbox 1892 1749 1937 1799; x_wconf 82' lang='lat' dir='ltr'><strong><em>aut</em></strong></span> 
     </span>
     <span class='ocr_line' id='line_1_19' title="bbox 228 1831 1937 1906; baseline -0.001 -19"><span class='ocrx_word' id='word_1_216' title='bbox 228 1841 491 1904; x_wconf 84' lang='lat' dir='ltr'><strong><em>usquemqaoerant,</em></strong></span> <span class='ocrx_word' id='word_1_217' title='bbox 503 1835 690 1904; x_wconf 75' lang='lat' dir='ltr'><strong><em>promanarunt,</em></strong></span> <span class='ocrx_word' id='word_1_218' title='bbox 700 1841 724 1889; x_wconf 88' lang='lat' dir='ltr'><strong><em>ct</em></strong></span> <span class='ocrx_word' id='word_1_219' title='bbox 734 1850 799 1905; x_wconf 91' lang='lat' dir='ltr'><strong><em>opas</em></strong></span> <span class='ocrx_word' id='word_1_220' title='bbox 809 1833 863 1888; x_wconf 89' lang='lat' dir='ltr'><strong><em>sibi</em></strong></span> <span class='ocrx_word' id='word_1_221' title='bbox 877 1835 934 1905; x_wconf 73' lang='lat' dir='ltr'><strong><em>eius</em></strong></span> <span class='ocrx_word' id='word_1_222' title='bbox 947 1834 1055 1890; x_wconf 78' lang='lat' dir='ltr'><strong><em>auritio</em></strong></span> <span class='ocrx_word' id='word_1_223' title='bbox 1109 1833 1226 1889; x_wconf 86' lang='lat' dir='ltr'><strong><em>toterars</em></strong></span> <span class='ocrx_word' id='word_1_224' title='bbox 1237 1834 1322 1906; x_wconf 88' lang='lat' dir='ltr'><strong><em>possit</em></strong></span> <span class='ocrx_word' id='word_1_225' title='bbox 1336 1839 1483 1897; x_wconf 88' lang='lat' dir='ltr'><strong><em>errantem,</em></strong></span> <span class='ocrx_word' id='word_1_226' title='bbox 1494 1837 1543 1887; x_wconf 91' lang='lat' dir='ltr'><strong><em>out</em></strong></span> <span class='ocrx_word' id='word_1_227' title='bbox 1556 1847 1609 1887; x_wconf 91' lang='lat' dir='ltr'><strong><em>non</em></strong></span> <span class='ocrx_word' id='word_1_228' title='bbox 1623 1831 1742 1904; x_wconf 89' lang='lat' dir='ltr'><strong><em>recipere</em></strong></span> <span class='ocrx_word' id='word_1_229' title='bbox 1755 1847 1785 1888; x_wconf 87' lang='lat' dir='ltr'><strong><em>se</em></strong></span> <span class='ocrx_word' id='word_1_230' title='bbox 1798 1831 1937 1905; x_wconf 70' lang='lat' dir='ltr'><strong><em>corripis·</em></strong></span> 
     </span>
     <span class='ocr_line' id='line_1_20' title="bbox 228 1920 1937 1993; baseline 0.001 -19"><span class='ocrx_word' id='word_1_231' title='bbox 228 1922 473 1992; x_wconf 82' lang='lat' dir='ltr'><strong><em>esse&#39;coqnooerint,</em></strong></span> <span class='ocrx_word' id='word_1_232' title='bbox 491 1928 521 1977; x_wconf 91' lang='lat' dir='ltr'><strong><em>ut</em></strong></span> <span class='ocrx_word' id='word_1_233' title='bbox 534 1920 583 1977; x_wconf 88' lang='lat' dir='ltr'><strong><em>boc</em></strong></span> <span class='ocrx_word' id='word_1_234' title='bbox 598 1920 655 1977; x_wconf 87' lang='lat' dir='ltr'><strong><em>iobe</em></strong></span> <span class='ocrx_word' id='word_1_235' title='bbox 669 1922 699 1977; x_wconf 93' lang='lat' dir='ltr'><strong><em>in</em></strong></span> <span class='ocrx_word' id='word_1_236' title='bbox 712 1938 791 1993; x_wconf 86' lang='lat' dir='ltr'><strong><em>quom</em></strong></span> <span class='ocrx_word' id='word_1_237' title='bbox 803 1923 847 1979; x_wconf 88' lang='lat' dir='ltr'><strong><em>sui</em></strong></span> <span class='ocrx_word' id='word_1_238' title='bbox 858 1922 948 1979; x_wconf 89' lang='lat' dir='ltr'><strong><em>cordis</em></strong></span> <span class='ocrx_word' id='word_1_239' title='bbox 962 1940 1056 1979; x_wconf 86' lang='lat' dir='ltr'><strong><em>encar-</em></strong></span> <span class='ocrx_word' id='word_1_240' title='bbox 1109 1930 1161 1980; x_wconf 92' lang='lat' dir='ltr'><strong><em>tem</em></strong></span> <span class='ocrx_word' id='word_1_241' title='bbox 1180 1924 1194 1979; x_wconf 83' lang='lat' dir='ltr'><strong><em>‘i</em></strong></span> <span class='ocrx_word' id='word_1_242' title='bbox 1209 1923 1282 1980; x_wconf 90' lang='lat' dir='ltr'><strong><em>Nam</em></strong></span> <span class='ocrx_word' id='word_1_243' title='bbox 1301 1929 1331 1978; x_wconf 89' lang='lat' dir='ltr'><strong><em>ut</em></strong></span> <span class='ocrx_word' id='word_1_244' title='bbox 1348 1922 1446 1977; x_wconf 84' lang='lat' dir='ltr'><strong><em>duarum</em></strong></span> <span class='ocrx_word' id='word_1_245' title='bbox 1457 1921 1581 1977; x_wconf 82' lang='lat' dir='ltr'><strong><em>arbitror</em></strong></span> <span class='ocrx_word' id='word_1_246' title='bbox 1595 1922 1800 1977; x_wconf 78' lang='lat' dir='ltr'><strong><em>conniventiam</em></strong></span> <span class='ocrx_word' id='word_1_247' title='bbox 1817 1922 1937 1992; x_wconf 72' lang='lat' dir='ltr'><strong><em>praebere</em></strong></span> 
     </span>
     <span class='ocr_line' id='line_1_21' title="bbox 228 2009 1935 2089; baseline 0.004 -26"><span class='ocrx_word' id='word_1_248' title='bbox 228 2009 706 2077; x_wconf 84' lang='lat' dir='ltr'><strong><em>rationecorruerant‚irberentur‚et</em></strong></span> <span class='ocrx_word' id='word_1_249' title='bbox 716 2013 795 2083; x_wconf 88' lang='lat' dir='ltr'><strong><em>qnasi</em></strong></span> <span class='ocrx_word' id='word_1_250' title='bbox 805 2013 836 2067; x_wconf 90' lang='lat' dir='ltr'><strong><em>in</em></strong></span> <span class='ocrx_word' id='word_1_251' title='bbox 851 2011 971 2069; x_wconf 88' lang='lat' dir='ltr'><strong><em>taoemde</em></strong></span> <span class='ocrx_word' id='word_1_252' title='bbox 980 2013 1055 2082; x_wconf 75' lang='lat' dir='ltr'><strong><em>frodo</em></strong></span> <span class='ocrx_word' id='word_1_253' title='bbox 1106 2013 1327 2089; x_wconf 88' lang='lat' dir='ltr'><strong><em>peccantibus,ita</em></strong></span> <span class='ocrx_word' id='word_1_254' title='bbox 1336 2013 1450 2084; x_wconf 90' lang='lat' dir='ltr'><strong><em>impiam</em></strong></span> <span class='ocrx_word' id='word_1_255' title='bbox 1458 2011 1674 2083; x_wconf 75' lang='lat' dir='ltr'><strong><em>jadicomannm</em></strong></span> <span class='ocrx_word' id='word_1_256' title='bbox 1684 2011 1935 2083; x_wconf 84' lang='lat' dir='ltr'><strong><em>nrqareaonoersis.</em></strong></span> 
     </span>
     <span class='ocr_line' id='line_1_22' title="bbox 227 2098 1936 2176; baseline 0.002 -24"><span class='ocrx_word' id='word_1_257' title='bbox 227 2099 449 2170; x_wconf 88' lang='lat' dir='ltr'><strong><em>tructicatiqine‚</em></strong></span> <span class='ocrx_word' id='word_1_258' title='bbox 465 2101 574 2154; x_wconf 89' lang='lat' dir='ltr'><strong><em>remotis</em></strong></span> <span class='ocrx_word' id='word_1_259' title='bbox 584 2098 767 2172; x_wconf 77' lang='lat' dir='ltr'><strong><em>abdicatisque</em></strong></span> <span class='ocrx_word' id='word_1_260' title='bbox 778 2100 1055 2174; x_wconf 87' lang='lat' dir='ltr'><strong><em>omnibus,quibasto·</em></strong></span> <span class='ocrx_word' id='word_1_261' title='bbox 1144 2105 1171 2160; x_wconf 70' lang='lat' dir='ltr'><strong><em>i.</em></strong></span> <span class='ocrx_word' id='word_1_262' title='bbox 1188 2103 1340 2176; x_wconf 83' lang='lat' dir='ltr'><strong><em>Ditiqenter</em></strong></span> <span class='ocrx_word' id='word_1_263' title='bbox 1352 2119 1414 2174; x_wconf 88' lang='lat' dir='ltr'><strong><em>crqo</em></strong></span> <span class='ocrx_word' id='word_1_264' title='bbox 1428 2109 1452 2158; x_wconf 89' lang='lat' dir='ltr'><strong><em>et</em></strong></span> <span class='ocrx_word' id='word_1_265' title='bbox 1465 2099 1936 2172; x_wconf 84' lang='lat' dir='ltr'><strong><em>conqraeapostoiicioonsuiitisbo·</em></strong></span> 
     </span>
     <span class='ocr_line' id='line_1_23' title="bbox 228 2188 1934 2265; baseline 0 -21"><span class='ocrx_word' id='word_1_266' title='bbox 228 2189 1053 2265; x_wconf 71' lang='lat' dir='ltr'><strong><em>immemorumaspicerent‚faedobnturetcoliqabotaspectas,</em></strong></span> <span class='ocrx_word' id='word_1_267' title='bbox 1109 2195 1293 2250; x_wconf 87' lang='lat' dir='ltr'><strong><em>norisarcano</em></strong></span> <span class='ocrx_word' id='word_1_268' title='bbox 1304 2192 1425 2264; x_wconf 81' lang='lat' dir='ltr'><strong><em>(bonoria</em></strong></span> <span class='ocrx_word' id='word_1_269' title='bbox 1438 2191 1459 2256; x_wconf 78' lang='lat'><strong><em>⁸,</em></strong></span> <span class='ocrx_word' id='word_1_270' title='bbox 1472 2190 1674 2263; x_wconf 86' lang='lat' dir='ltr'><strong><em>inqaam‚ittias</em></strong></span> <span class='ocrx_word' id='word_1_271' title='bbox 1683 2196 1880 2262; x_wconf 81' lang='lat' dir='ltr'><strong><em>quempraeter</em></strong></span> <span class='ocrx_word' id='word_1_272' title='bbox 1889 2188 1934 2245; x_wconf 85' lang='lat' dir='ltr'><strong><em>itio</em></strong></span> 
     </span>
     <span class='ocr_line' id='line_1_24' title="bbox 227 2278 1933 2357; baseline 0.002 -25"><span class='ocrx_word' id='word_1_273' title='bbox 227 2278 355 2333; x_wconf 86' lang='lat' dir='ltr'><strong><em>damnent</em></strong></span> <span class='ocrx_word' id='word_1_274' title='bbox 363 2278 419 2334; x_wconf 76' lang='lat' dir='ltr'><strong><em>baec</em></strong></span> <span class='ocrx_word' id='word_1_275' title='bbox 433 2279 790 2350; x_wconf 78' lang='lat' dir='ltr'><strong><em>quaebasnsqaesenscrnnt,</em></strong></span> <span class='ocrx_word' id='word_1_276' title='bbox 799 2287 824 2336; x_wconf 94' lang='lat' dir='ltr'><strong><em>et</em></strong></span> <span class='ocrx_word' id='word_1_277' title='bbox 839 2282 1054 2353; x_wconf 81' lang='lat' dir='ltr'><strong><em>aliquandoani-</em></strong></span> <span class='ocrx_word' id='word_1_278' title='bbox 1108 2301 1169 2357; x_wconf 77' lang='lat' dir='ltr'><strong><em>qum</em></strong></span> <span class='ocrx_word' id='word_1_279' title='bbox 1180 2289 1242 2340; x_wconf 88' lang='lat' dir='ltr'><strong><em>sant</em></strong></span> <span class='ocrx_word' id='word_1_280' title='bbox 1252 2282 1429 2348; x_wconf 83' lang='lat' dir='ltr'><strong><em>eotrinsecas,</em></strong></span> <span class='ocrx_word' id='word_1_281' title='bbox 1439 2279 1598 2336; x_wconf 82' lang='lat' dir='ltr'><strong><em>sollicitudo</em></strong></span> <span class='ocrx_word' id='word_1_282' title='bbox 1607 2286 1696 2335; x_wconf 88' lang='lat' dir='ltr'><strong><em>manet</em></strong></span> <span class='ocrx_word' id='word_1_283' title='bbox 1709 2279 1835 2335; x_wconf 87' lang='lat' dir='ltr'><strong><em>omnium</em></strong></span> <span class='ocrx_word' id='word_1_284' title='bbox 1847 2278 1933 2336; x_wconf 75' lang='lat' dir='ltr'><strong><em>Emis·</em></strong></span> 
     </span>
     <span class='ocr_line' id='line_1_25' title="bbox 227 2367 1936 2447; baseline 0.002 -26"><span class='ocrx_word' id='word_1_285' title='bbox 227 2382 300 2421; x_wconf 93' lang='lat' dir='ltr'><strong><em>mum</em></strong></span> <span class='ocrx_word' id='word_1_286' title='bbox 319 2369 402 2423; x_wconf 88' lang='lat' dir='ltr'><strong><em>rectis</em></strong></span> <span class='ocrx_word' id='word_1_287' title='bbox 422 2367 862 2439; x_wconf 85' lang='lat' dir='ltr'><strong><em>disputationibuscommodantes,</em></strong></span> <span class='ocrx_word' id='word_1_288' title='bbox 878 2371 911 2426; x_wconf 92' lang='lat' dir='ltr'><strong><em>ob</em></strong></span> <span class='ocrx_word' id='word_1_289' title='bbox 933 2372 985 2427; x_wconf 89' lang='lat' dir='ltr'><strong><em>boc</em></strong></span> <span class='ocrx_word' id='word_1_290' title='bbox 1003 2371 1055 2427; x_wconf 89' lang='lat' dir='ltr'><strong><em>ati·</em></strong></span> <span class='ocrx_word' id='word_1_291' title='bbox 1107 2376 1214 2430; x_wconf 78' lang='lat' dir='ltr'><strong><em>scaram</em></strong></span> <span class='ocrx_word' id='word_1_292' title='bbox 1228 2370 1263 2447; x_wconf 87' lang='lat' dir='ltr'><strong><em>[ll</em></strong></span> <span class='ocrx_word' id='word_1_293' title='bbox 1279 2373 1343 2429; x_wconf 83' lang='lat' dir='ltr'><strong><em>Cor.</em></strong></span> <span class='ocrx_word' id='word_1_294' title='bbox 1360 2370 1468 2441; x_wconf 79' lang='lat'>11‚·28])</span> <span class='ocrx_word' id='word_1_295' title='bbox 1486 2370 1666 2440; x_wconf 78' lang='lat' dir='ltr'><strong><em>superanriis</em></strong></span> <span class='ocrx_word' id='word_1_296' title='bbox 1676 2371 1766 2433; x_wconf 84' lang='lat' dir='ltr'><strong><em>rebus,</em></strong></span> <span class='ocrx_word' id='word_1_297' title='bbox 1779 2386 1841 2441; x_wconf 75' lang='lat' dir='ltr'><strong><em>quse</em></strong></span> <span class='ocrx_word' id='word_1_298' title='bbox 1854 2369 1889 2425; x_wconf 90' lang='lat' dir='ltr'><strong><em>sit</em></strong></span> <span class='ocrx_word' id='word_1_299' title='bbox 1902 2374 1936 2424; x_wconf 88' lang='lat' dir='ltr'><strong><em>tc·</em></strong></span> 
     </span>
     <span class='ocr_line' id='line_1_26' title="bbox 227 2455 1934 2531; baseline 0.001 -20"><span class='ocrx_word' id='word_1_300' title='bbox 227 2457 390 2526; x_wconf 88' lang='lat' dir='ltr'><strong><em>qaantalam</em></strong></span> <span class='ocrx_word' id='word_1_301' title='bbox 411 2455 469 2511; x_wconf 90' lang='lat' dir='ltr'><strong><em>tabe</em></strong></span> <span class='ocrx_word' id='word_1_302' title='bbox 488 2458 612 2524; x_wconf 80' lang='lat' dir='ltr'><strong><em>correcti,</em></strong></span> <span class='ocrx_word' id='word_1_303' title='bbox 638 2461 708 2515; x_wconf 85' lang='lat' dir='ltr'><strong><em>neris</em></strong></span> <span class='ocrx_word' id='word_1_304' title='bbox 727 2476 756 2514; x_wconf 85' lang='lat' dir='ltr'><strong><em>sa</em></strong></span> <span class='ocrx_word' id='word_1_305' title='bbox 776 2459 909 2515; x_wconf 88' lang='lat' dir='ltr'><strong><em>sanandos</em></strong></span> <span class='ocrx_word' id='word_1_306' title='bbox 933 2460 1055 2515; x_wconf 86' lang='lat' dir='ltr'><strong><em>consitiis</em></strong></span> <span class='ocrx_word' id='word_1_307' title='bbox 1110 2458 1934 2531; x_wconf 69' lang='lat' dir='ltr'><strong><em>nendosententio‚ontiqaaesciticetreqataeformamsaeouti</em></strong></span> 
     </span>
    </p>
   </div>
   <div class='ocr_carea' id='block_1_3' title="bbox 222 2544 1055 4137">
    <p class='ocr_par' dir='ltr' id='par_1_4' title="bbox 222 2544 1055 4137">
     <span class='ocr_line' id='line_1_27' title="bbox 227 2544 1055 2620; baseline 0.005 -22"><span class='ocrx_word' id='word_1_308' title='bbox 227 2544 353 2600; x_wconf 90' lang='lat' dir='ltr'><strong><em>tribuant</em></strong></span> <span class='ocrx_word' id='word_1_309' title='bbox 368 2552 451 2617; x_wconf 88' lang='lat' dir='ltr'><strong><em>atque</em></strong></span> <span class='ocrx_word' id='word_1_310' title='bbox 462 2545 713 2614; x_wconf 82' lang='lat' dir='ltr'><strong><em>subms&#39;ttant.0aod</em></strong></span> <span class='ocrx_word' id='word_1_311' title='bbox 727 2548 753 2602; x_wconf 89' lang='lat' dir='ltr'><strong><em>si</em></strong></span> <span class='ocrx_word' id='word_1_312' title='bbox 760 2549 890 2618; x_wconf 79' lang='lat' dir='ltr'><strong><em>fecerint,</em></strong></span> <span class='ocrx_word' id='word_1_313' title='bbox 899 2549 953 2604; x_wconf 86' lang='lat' dir='ltr'><strong><em>erit</em></strong></span> <span class='ocrx_word' id='word_1_314' title='bbox 968 2549 999 2603; x_wconf 90' lang='lat' dir='ltr'><strong><em>in</em></strong></span> <span class='ocrx_word' id='word_1_315' title='bbox 1008 2565 1055 2620; x_wconf 91' lang='lat' dir='ltr'><strong><em>po·</em></strong></span> 
     </span>
     <span class='ocr_line' id='line_1_28' title="bbox 227 2635 1055 2709; baseline 0.008 -21"><span class='ocrx_word' id='word_1_316' title='bbox 227 2637 322 2689; x_wconf 89' lang='lat' dir='ltr'><strong><em>testate</em></strong></span> <span class='ocrx_word' id='word_1_317' title='bbox 336 2635 502 2707; x_wconf 70' lang='lat' dir='ltr'><strong><em>pontificum,</em></strong></span> <span class='ocrx_word' id='word_1_318' title='bbox 511 2635 572 2691; x_wconf 89' lang='lat' dir='ltr'><strong><em>istis</em></strong></span> <span class='ocrx_word' id='word_1_319' title='bbox 585 2636 759 2709; x_wconf 87' lang='lat' dir='ltr'><strong><em>atiquatenus</em></strong></span> <span class='ocrx_word' id='word_1_320' title='bbox 767 2637 947 2702; x_wconf 71' lang='lat' dir='ltr'><strong><em>subvenirent</em></strong></span> <span class='ocrx_word' id='word_1_321' title='bbox 954 2639 1055 2695; x_wconf 84' lang='lat' dir='ltr'><strong><em>totsbus</em></strong></span> 
     </span>
     <span class='ocr_line' id='line_1_29' title="bbox 226 2721 1054 2801; baseline 0.01 -25"><span class='ocrx_word' id='word_1_322' title='bbox 226 2721 347 2793; x_wconf 85' lang='lat' dir='ltr'><strong><em>aliquam</em></strong></span> <span class='ocrx_word' id='word_1_323' title='bbox 359 2740 455 2779; x_wconf 90' lang='lat' dir='ltr'><strong><em>curam</em></strong></span> <span class='ocrx_word' id='word_1_324' title='bbox 469 2729 605 2796; x_wconf 80' lang='lat' dir='ltr'><strong><em>praestare</em></strong></span> <span class='ocrx_word' id='word_1_325' title='bbox 616 2726 874 2800; x_wconf 75' lang='lat' dir='ltr'><strong><em>uolneribus‚qaam</em></strong></span> <span class='ocrx_word' id='word_1_326' title='bbox 885 2728 948 2784; x_wconf 81' lang='lat' dir='ltr'><strong><em>rotet</em></strong></span> <span class='ocrx_word' id='word_1_327' title='bbox 960 2727 1054 2801; x_wconf 81' lang='lat' dir='ltr'><strong><em>lapsis,</em></strong></span> 
     </span>
     <span class='ocr_line' id='line_1_30' title="bbox 226 2812 1054 2888; baseline 0.013 -23"><span class='ocrx_word' id='word_1_328' title='bbox 226 2826 286 2866; x_wconf 91' lang='lat' dir='ltr'><strong><em>cum</em></strong></span> <span class='ocrx_word' id='word_1_329' title='bbox 297 2812 474 2883; x_wconf 77' lang='lat' dir='ltr'><strong><em>resipuerint,</em></strong></span> <span class='ocrx_word' id='word_1_330' title='bbox 492 2814 612 2870; x_wconf 76' lang='lat' dir='ltr'><strong><em>Ecclesia</em></strong></span> <span class='ocrx_word' id='word_1_331' title='bbox 627 2833 680 2873; x_wconf 92' lang='lat' dir='ltr'><strong><em>non</em></strong></span> <span class='ocrx_word' id='word_1_332' title='bbox 690 2817 784 2888; x_wconf 85' lang='lat' dir='ltr'><strong><em>neqori</em></strong></span> <span class='ocrx_word' id='word_1_333' title='bbox 800 2833 808 2872; x_wconf 92' lang='lat'><strong><em>.·</em></strong></span> <span class='ocrx_word' id='word_1_334' title='bbox 830 2825 861 2873; x_wconf 90' lang='lat' dir='ltr'><strong><em>at</em></strong></span> <span class='ocrx_word' id='word_1_335' title='bbox 875 2834 892 2873; x_wconf 90' lang='lat' dir='ltr'><strong><em>a</em></strong></span> <span class='ocrx_word' id='word_1_336' title='bbox 908 2818 967 2874; x_wconf 87' lang='lat' dir='ltr'><strong><em>suis</em></strong></span> <span class='ocrx_word' id='word_1_337' title='bbox 980 2835 1054 2875; x_wconf 88' lang='lat' dir='ltr'><strong><em>reno·</em></strong></span> 
     </span>
     <span class='ocr_line' id='line_1_31' title="bbox 226 2901 1055 2979; baseline 0.01 -25"><span class='ocrx_word' id='word_1_338' title='bbox 226 2901 284 2956; x_wconf 81' lang='lat' dir='ltr'><strong><em>creti</em></strong></span> <span class='ocrx_word' id='word_1_339' title='bbox 291 2902 467 2973; x_wconf 78' lang='lat' dir='ltr'><strong><em>praecipitiis,</em></strong></span> <span class='ocrx_word' id='word_1_340' title='bbox 472 2904 551 2959; x_wconf 91' lang='lat' dir='ltr'><strong><em>intra</em></strong></span> <span class='ocrx_word' id='word_1_341' title='bbox 562 2905 630 2960; x_wconf 87' lang='lat' dir='ltr'><strong><em>ooite</em></strong></span> <span class='ocrx_word' id='word_1_342' title='bbox 638 2906 750 2961; x_wconf 88' lang='lat' dir='ltr'><strong><em>Domini</em></strong></span> <span class='ocrx_word' id='word_1_343' title='bbox 758 2907 934 2979; x_wconf 87' lang='lat' dir='ltr'><strong><em>rediqantssr;</em></strong></span> <span class='ocrx_word' id='word_1_344' title='bbox 942 2923 976 2965; x_wconf 86' lang='lat' dir='ltr'><strong><em>nc</em></strong></span> <span class='ocrx_word' id='word_1_345' title='bbox 985 2909 1055 2978; x_wconf 76' lang='lat' dir='ltr'><strong><em>soris</em></strong></span> 
     </span>
     <span class='ocr_line' id='line_1_32' title="bbox 226 2991 1054 3069; baseline 0.01 -24"><span class='ocrx_word' id='word_1_346' title='bbox 226 2991 318 3060; x_wconf 82' lang='lat' dir='ltr'><strong><em>positi.</em></strong></span> <span class='ocrx_word' id='word_1_347' title='bbox 334 2999 359 3047; x_wconf 90' lang='lat' dir='ltr'><strong><em>et</em></strong></span> <span class='ocrx_word' id='word_1_348' title='bbox 373 2999 450 3048; x_wconf 91' lang='lat' dir='ltr'><strong><em>tanto</em></strong></span> <span class='ocrx_word' id='word_1_349' title='bbox 463 2993 596 3064; x_wconf 78' lang='lat' dir='ltr'><strong><em>praesidio</em></strong></span> <span class='ocrx_word' id='word_1_350' title='bbox 609 3011 626 3049; x_wconf 92' lang='lat' dir='ltr'><strong><em>o</em></strong></span> <span class='ocrx_word' id='word_1_351' title='bbox 641 2994 1054 3069; x_wconf 70' lang='lat' dir='ltr'><strong><em>fidemunitioniseoctusiperi-</em></strong></span> 
     </span>
     <span class='ocr_line' id='line_1_33' title="bbox 225 3078 1054 3157; baseline 0.013 -25"><span class='ocrx_word' id='word_1_352' title='bbox 225 3078 295 3135; x_wconf 87' lang='lat' dir='ltr'><strong><em>ruiis</em></strong></span> <span class='ocrx_word' id='word_1_353' title='bbox 307 3080 428 3137; x_wconf 90' lang='lat' dir='ltr'><strong><em>omnibus</em></strong></span> <span class='ocrx_word' id='word_1_354' title='bbox 440 3082 778 3152; x_wconf 85' lang='lat' dir='ltr'><strong><em>enponantus·‚deoorondi</em></strong></span> <span class='ocrx_word' id='word_1_355' title='bbox 793 3085 919 3157; x_wconf 82' lang='lat' dir='ltr'><strong><em>luporum</em></strong></span> <span class='ocrx_word' id='word_1_356' title='bbox 929 3085 1054 3144; x_wconf 80' lang='lat' dir='ltr'><strong><em>dentibus</em></strong></span> 
     </span>
     <span class='ocr_line' id='line_1_34' title="bbox 224 3170 1052 3246; baseline 0.011 -24"><span class='ocrx_word' id='word_1_357' title='bbox 224 3174 303 3240; x_wconf 86' lang='lat' dir='ltr'><strong><em>atque</em></strong></span> <span class='ocrx_word' id='word_1_358' title='bbox 314 3171 437 3238; x_wconf 81' lang='lat' dir='ltr'><strong><em>uenandi,</em></strong></span> <span class='ocrx_word' id='word_1_359' title='bbox 451 3171 548 3243; x_wconf 91' lang='lat' dir='ltr'><strong><em>quibus</em></strong></span> <span class='ocrx_word' id='word_1_360' title='bbox 557 3170 751 3237; x_wconf 74' lang='lat' dir='ltr'><strong><em>obsistercbaa</em></strong></span> <span class='ocrx_word' id='word_1_361' title='bbox 766 3174 888 3246; x_wconf 87' lang='lat' dir='ltr'><strong><em>qaoittos</em></strong></span> <span class='ocrx_word' id='word_1_362' title='bbox 903 3176 933 3230; x_wconf 88' lang='lat' dir='ltr'><strong><em>in</em></strong></span> <span class='ocrx_word' id='word_1_363' title='bbox 943 3192 969 3231; x_wconf 91' lang='lat' dir='ltr'><strong><em>se</em></strong></span> <span class='ocrx_word' id='word_1_364' title='bbox 981 3177 1052 3231; x_wconf 87' lang='lat' dir='ltr'><strong><em>irri-</em></strong></span> 
     </span>
     <span class='ocr_line' id='line_1_35' title="bbox 226 3260 1053 3336; baseline 0.011 -24"><span class='ocrx_word' id='word_1_365' title='bbox 226 3263 350 3314; x_wconf 82' lang='lat' dir='ltr'><strong><em>taverant</em></strong></span> <span class='ocrx_word' id='word_1_366' title='bbox 364 3260 496 3315; x_wconf 76' lang='lat' dir='ltr'><strong><em>doctrinm</em></strong></span> <span class='ocrx_word' id='word_1_367' title='bbox 508 3264 698 3331; x_wconf 79' lang='lat' dir='ltr'><strong><em>perversitate,</em></strong></span> <span class='ocrx_word' id='word_1_368' title='bbox 717 3279 771 3319; x_wconf 92' lang='lat' dir='ltr'><strong><em>non</em></strong></span> <span class='ocrx_word' id='word_1_369' title='bbox 788 3266 900 3336; x_wconf 88' lang='lat' dir='ltr'><strong><em>possint.</em></strong></span> <span class='ocrx_word' id='word_1_370' title='bbox 915 3264 966 3321; x_wconf 88' lang='lat' dir='ltr'><strong><em>Sed</em></strong></span> <span class='ocrx_word' id='word_1_371' title='bbox 985 3268 1053 3322; x_wconf 89' lang='lat' dir='ltr'><strong><em>sotis</em></strong></span> 
     </span>
     <span class='ocr_line' id='line_1_36' title="bbox 225 3347 1050 3426; baseline 0.012 -26"><span class='ocrx_word' id='word_1_372' title='bbox 225 3347 323 3401; x_wconf 86' lang='lat' dir='ltr'><strong><em>uestris</em></strong></span> <span class='ocrx_word' id='word_1_373' title='bbox 332 3349 451 3414; x_wconf 86' lang='lat' dir='ltr'><strong><em>monitis,</em></strong></span> <span class='ocrx_word' id='word_1_374' title='bbox 466 3348 823 3408; x_wconf 82' lang='lat' dir='ltr'><strong><em>sicabandontibusnostrae</em></strong></span> <span class='ocrx_word' id='word_1_375' title='bbox 837 3353 1050 3426; x_wconf 68' lang='lat' dir='ltr'><strong><em>teqiseoemptm</em></strong></span> 
     </span>
     <span class='ocr_line' id='line_1_37' title="bbox 224 3433 1052 3513; baseline 0.014 -25"><span class='ocrx_word' id='word_1_376' title='bbox 224 3433 357 3506; x_wconf 87' lang='lat' dir='ltr'><strong><em>probatur</em></strong></span> <span class='ocrx_word' id='word_1_377' title='bbox 370 3452 423 3491; x_wconf 90' lang='lat' dir='ltr'><strong><em>esse</em></strong></span> <span class='ocrx_word' id='word_1_378' title='bbox 447 3454 601 3509; x_wconf 85' lang='lat' dir='ltr'><strong><em>responsum</em></strong></span> <span class='ocrx_word' id='word_1_379' title='bbox 615 3460 625 3509; x_wconf 85' lang='lat'><strong><em>,-</em></strong></span> <span class='ocrx_word' id='word_1_380' title='bbox 637 3440 838 3512; x_wconf 85' lang='lat' dir='ltr'><strong><em>necquidquam</em></strong></span> <span class='ocrx_word' id='word_1_381' title='bbox 853 3459 989 3513; x_wconf 85' lang='lat' dir='ltr'><strong><em>superesse</em></strong></span> <span class='ocrx_word' id='word_1_382' title='bbox 1003 3444 1052 3500; x_wconf 90' lang='lat' dir='ltr'><strong><em>da·</em></strong></span> 
     </span>
     <span class='ocr_line' id='line_1_38' title="bbox 224 3525 1052 3601; baseline 0.016 -24"><span class='ocrx_word' id='word_1_383' title='bbox 224 3525 316 3578; x_wconf 79' lang='lat' dir='ltr'><strong><em>cimas</em></strong></span> <span class='ocrx_word' id='word_1_384' title='bbox 332 3525 400 3595; x_wconf 91' lang='lat' dir='ltr'><strong><em>qaod</em></strong></span> <span class='ocrx_word' id='word_1_385' title='bbox 414 3526 546 3596; x_wconf 84' lang='lat' dir='ltr'><strong><em>dicamus,</em></strong></span> <span class='ocrx_word' id='word_1_386' title='bbox 562 3543 622 3583; x_wconf 92' lang='lat' dir='ltr'><strong><em>cum</em></strong></span> <span class='ocrx_word' id='word_1_387' title='bbox 636 3529 709 3585; x_wconf 83' lang='lat' dir='ltr'><strong><em>nituit</em></strong></span> <span class='ocrx_word' id='word_1_388' title='bbox 722 3533 934 3601; x_wconf 73' lang='lat' dir='ltr'><strong><em>praetermissam</em></strong></span> <span class='ocrx_word' id='word_1_389' title='bbox 948 3549 966 3588; x_wconf 93' lang='lat' dir='ltr'><strong><em>o</em></strong></span> <span class='ocrx_word' id='word_1_390' title='bbox 980 3534 1052 3590; x_wconf 90' lang='lat' dir='ltr'><strong><em>oobis</em></strong></span> 
     </span>
     <span class='ocr_line' id='line_1_39' title="bbox 226 3612 1054 3692; baseline 0.017 -27"><span class='ocrx_word' id='word_1_391' title='bbox 226 3612 299 3666; x_wconf 89' lang='lat' dir='ltr'><strong><em>nibit</em></strong></span> <span class='ocrx_word' id='word_1_392' title='bbox 306 3621 404 3670; x_wconf 89' lang='lat' dir='ltr'><strong><em>constet</em></strong></span> <span class='ocrx_word' id='word_1_393' title='bbox 418 3632 473 3670; x_wconf 87' lang='lat' dir='ltr'><strong><em>asse</em></strong></span> <span class='ocrx_word' id='word_1_394' title='bbox 483 3632 719 3690; x_wconf 78' lang='lat' dir='ltr'><strong><em>sapprrmumqun</em></strong></span> <span class='ocrx_word' id='word_1_395' title='bbox 734 3618 780 3674; x_wconf 87' lang='lat' dir='ltr'><strong><em>iiii</em></strong></span> <span class='ocrx_word' id='word_1_396' title='bbox 787 3621 903 3690; x_wconf 75' lang='lat' dir='ltr'><strong><em>refutati</em></strong></span> <span class='ocrx_word' id='word_1_397' title='bbox 916 3624 1054 3692; x_wconf 85' lang='lat' dir='ltr'><strong><em>stpenituc</em></strong></span> 
     </span>
     <span class='ocr_line' id='line_1_40' title="bbox 224 3704 1053 3778; baseline 0.017 -25"><span class='ocrx_word' id='word_1_398' title='bbox 224 3707 407 3770; x_wconf 84' lang='lat' dir='ltr'><strong><em>aqnosoantar</em></strong></span> <span class='ocrx_word' id='word_1_399' title='bbox 428 3718 482 3759; x_wconf 85' lang='lat' dir='ltr'><strong><em>esse</em></strong></span> <span class='ocrx_word' id='word_1_400' title='bbox 495 3704 621 3759; x_wconf 84' lang='lat' dir='ltr'><strong><em>convicti.</em></strong></span> <span class='ocrx_word' id='word_1_401' title='bbox 652 3704 790 3778; x_wconf 84' lang='lat' dir='ltr'><strong><em>ideoquro</em></strong></span> <span class='ocrx_word' id='word_1_402' title='bbox 807 3707 882 3763; x_wconf 90' lang='lat' dir='ltr'><strong><em>nobis</em></strong></span> <span class='ocrx_word' id='word_1_403' title='bbox 900 3711 1053 3767; x_wconf 83' lang='lat' dir='ltr'><strong><em>testimonia</em></strong></span> 
     </span>
     <span class='ocr_line' id='line_1_41' title="bbox 225 3789 1054 3868; baseline 0.017 -25"><span class='ocrx_word' id='word_1_404' title='bbox 225 3789 303 3845; x_wconf 82' lang='lat' dir='ltr'><strong><em>nulia</em></strong></span> <span class='ocrx_word' id='word_1_405' title='bbox 316 3799 463 3862; x_wconf 89' lang='lat' dir='ltr'><strong><em>ponuntur,</em></strong></span> <span class='ocrx_word' id='word_1_406' title='bbox 474 3794 539 3865; x_wconf 89' lang='lat' dir='ltr'><strong><em>quio</em></strong></span> <span class='ocrx_word' id='word_1_407' title='bbox 558 3801 585 3850; x_wconf 87' lang='lat' dir='ltr'><strong><em>ot</em></strong></span> <span class='ocrx_word' id='word_1_408' title='bbox 600 3794 641 3850; x_wconf 85' lang='lat' dir='ltr'><strong><em>bis</em></strong></span> <span class='ocrx_word' id='word_1_409' title='bbox 664 3795 748 3867; x_wconf 84' lang='lat' dir='ltr'><strong><em>piena</em></strong></span> <span class='ocrx_word' id='word_1_410' title='bbox 771 3797 870 3853; x_wconf 82' lang='lat' dir='ltr'><strong><em>raiatia</em></strong></span> <span class='ocrx_word' id='word_1_411' title='bbox 887 3807 935 3868; x_wconf 89' lang='lat' dir='ltr'><strong><em>est,</em></strong></span> <span class='ocrx_word' id='word_1_412' title='bbox 950 3802 1054 3857; x_wconf 86' lang='lat' dir='ltr'><strong><em>otcotu&#39;s</em></strong></span> 
     </span>
     <span class='ocr_line' id='line_1_42' title="bbox 223 3881 1053 3955; baseline 0.014 -21"><span class='ocrx_word' id='word_1_413' title='bbox 223 3887 325 3936; x_wconf 83' lang='lat' dir='ltr'><strong><em>comum</em></strong></span> <span class='ocrx_word' id='word_1_414' title='bbox 339 3887 376 3936; x_wconf 90' lang='lat' dir='ltr'><strong><em>tot</em></strong></span> <span class='ocrx_word' id='word_1_415' title='bbox 386 3881 550 3938; x_wconf 85' lang='lat' dir='ltr'><strong><em>doctissimos</em></strong></span> <span class='ocrx_word' id='word_1_416' title='bbox 559 3883 708 3940; x_wconf 75' lang='lat' dir='ltr'><strong><em>sacerdotes</em></strong></span> <span class='ocrx_word' id='word_1_417' title='bbox 722 3891 818 3941; x_wconf 84' lang='lat' dir='ltr'><strong><em>cancta</em></strong></span> <span class='ocrx_word' id='word_1_418' title='bbox 828 3886 938 3955; x_wconf 72' lang='lat' dir='ltr'><strong><em>dimisse,</em></strong></span> <span class='ocrx_word' id='word_1_419' title='bbox 949 3906 999 3946; x_wconf 85' lang='lat' dir='ltr'><strong><em>ner</em></strong></span> <span class='ocrx_word' id='word_1_420' title='bbox 1009 3890 1053 3946; x_wconf 86' lang='lat' dir='ltr'><strong><em>dc-</em></strong></span> 
     </span>
     <span class='ocr_line' id='line_1_43' title="bbox 222 3969 1052 4051; baseline 0.016 -28"><span class='ocrx_word' id='word_1_421' title='bbox 222 3977 261 4023; x_wconf 86' lang='lat' dir='ltr'><strong><em>cet</em></strong></span> <span class='ocrx_word' id='word_1_422' title='bbox 277 3969 384 4026; x_wconf 90' lang='lat' dir='ltr'><strong><em>credere</em></strong></span> <span class='ocrx_word' id='word_1_423' title='bbox 393 3988 438 4026; x_wconf 88' lang='lat' dir='ltr'><strong><em>cos</em></strong></span> <span class='ocrx_word' id='word_1_424' title='bbox 448 3971 565 4043; x_wconf 87' lang='lat' dir='ltr'><strong><em>otiqaid,</em></strong></span> <span class='ocrx_word' id='word_1_425' title='bbox 579 3973 650 4045; x_wconf 88' lang='lat' dir='ltr'><strong><em>qaod</em></strong></span> <span class='ocrx_word' id='word_1_426' title='bbox 659 3973 694 4028; x_wconf 91' lang='lat' dir='ltr'><strong><em>ad</em></strong></span> <span class='ocrx_word' id='word_1_427' title='bbox 706 3991 813 4031; x_wconf 88' lang='lat' dir='ltr'><strong><em>causam</em></strong></span> <span class='ocrx_word' id='word_1_428' title='bbox 826 3979 911 4049; x_wconf 89' lang='lat' dir='ltr'><strong><em>possit</em></strong></span> <span class='ocrx_word' id='word_1_429' title='bbox 923 3980 1052 4051; x_wconf 74' lang='lat' dir='ltr'><strong><em>proficere</em></strong></span> 
     </span>
     <span class='ocr_line' id='line_1_44' title="bbox 223 4059 1051 4137; baseline 0.019 -26"><span class='ocrx_word' id='word_1_430' title='bbox 223 4059 397 4127; x_wconf 74' lang='lat' dir='ltr'><strong><em>praeteriisse.</em></strong></span> <span class='ocrx_word' id='word_1_431' title='bbox 415 4062 449 4115; x_wconf 86' lang='lat' dir='ltr'><strong><em>Et</em></strong></span> <span class='ocrx_word' id='word_1_432' title='bbox 462 4059 519 4115; x_wconf 83' lang='lat' dir='ltr'><strong><em>alia</em></strong></span> <span class='ocrx_word' id='word_1_433' title='bbox 530 4076 621 4116; x_wconf 84' lang='lat' dir='ltr'><strong><em>manu</em></strong></span> <span class='ocrx_word' id='word_1_434' title='bbox 634 4078 641 4117; x_wconf 90' lang='lat'><strong>:</strong></span> <span class='ocrx_word' id='word_1_435' title='bbox 660 4062 731 4119; x_wconf 86' lang='lat' dir='ltr'><strong><em>Bene</em></strong></span> <span class='ocrx_word' id='word_1_436' title='bbox 746 4064 841 4130; x_wconf 83' lang='lat' dir='ltr'><strong><em>valete,</em></strong></span> <span class='ocrx_word' id='word_1_437' title='bbox 852 4065 1001 4137; x_wconf 75' lang='lat' dir='ltr'><strong><em>fratresilt</em></strong></span> <span class='ocrx_word' id='word_1_438' title='bbox 1012 4070 1051 4127; x_wconf 93' lang='lat' dir='ltr'><strong><em>ad</em></strong></span> 
     </span>
    </p>
   </div>
   <div class='ocr_carea' id='block_1_4' title="bbox 223 4144 1053 4307">
    <p class='ocr_par' dir='ltr' id='par_1_5' title="bbox 223 4144 1053 4307">
     <span class='ocr_line' id='line_1_45' title="bbox 223 4144 1053 4222; baseline 0.019 -23"><span class='ocrx_word' id='word_1_439' title='bbox 223 4144 302 4200; x_wconf 86' lang='lat' dir='ltr'><strong><em>latus</em></strong></span> <span class='ocrx_word' id='word_1_440' title='bbox 317 4163 324 4200; x_wconf 73' lang='grc' dir='ltr'>ε</span> <span class='ocrx_word' id='word_1_441' title='bbox 348 4146 418 4202; x_wconf 84' lang='lat' dir='ltr'><strong><em>Doto</em></strong></span> <span class='ocrx_word' id='word_1_442' title='bbox 432 4164 460 4204; x_wconf 84' lang='lat' dir='ltr'><strong><em>vr</em></strong></span> <span class='ocrx_word' id='word_1_443' title='bbox 472 4148 524 4203; x_wconf 90' lang='lat' dir='ltr'><strong><em>coi.</em></strong></span> <span class='ocrx_word' id='word_1_444' title='bbox 541 4148 637 4218; x_wconf 69' lang='lat' dir='ltr'><strong><em>’febr</em></strong></span> <span class='ocrx_word' id='word_1_445' title='bbox 654 4153 891 4222; x_wconf 82' lang='lat' dir='ltr'><strong><em>postconsulatum</em></strong></span> <span class='ocrx_word' id='word_1_446' title='bbox 912 4155 1053 4216; x_wconf 84' lang='lat' dir='ltr'><strong><em>Tbeodosii</em></strong></span> 
     </span>
     <span class='ocr_line' id='line_1_46' title="bbox 225 4233 748 4307; baseline 0.017 -20"><span class='ocrx_word' id='word_1_447' title='bbox 225 4233 344 4304; x_wconf 79' lang='lat' dir='ltr'><strong><em>Aapusti</em></strong></span> <span class='ocrx_word' id='word_1_448' title='bbox 357 4250 407 4307; x_wconf 80' lang='lat' dir='ltr'><strong><em>vit,</em></strong></span> <span class='ocrx_word' id='word_1_449' title='bbox 424 4241 449 4290; x_wconf 92' lang='lat' dir='ltr'><strong><em>et</em></strong></span> <span class='ocrx_word' id='word_1_450' title='bbox 458 4234 539 4291; x_wconf 80' lang='lat' dir='ltr'><strong><em>iunii</em></strong></span> <span class='ocrx_word' id='word_1_451' title='bbox 559 4236 659 4303; x_wconf 87' lang='lat' dir='ltr'><strong><em>Quarti</em></strong></span> <span class='ocrx_word' id='word_1_452' title='bbox 674 4255 702 4294; x_wconf 82' lang='lat' dir='ltr'><strong><em>v.</em></strong></span> <span class='ocrx_word' id='word_1_453' title='bbox 719 4255 748 4297; x_wconf 86' lang='lat' dir='ltr'><strong><em>c.</em></strong></span> 
     </span>
    </p>
   </div>
   <div class='ocr_carea' id='block_1_5' title="bbox 440 4350 836 4430">
    <p class='ocr_par' dir='ltr' id='par_1_6' title="bbox 440 4350 836 4430">
     <span class='ocr_line' id='line_1_47' title="bbox 440 4350 836 4430; baseline 0.018 -23"><span class='ocrx_word' id='word_1_454' title='bbox 440 4350 605 4410; x_wconf 77' lang='lat' dir='ltr'><strong><em>aossrom</em></strong></span> <span class='ocrx_word' id='word_1_455' title='bbox 622 4353 754 4413; x_wconf 77' lang='lat' dir='ltr'><strong><em>mxxxa</em></strong></span> <span class='ocrx_word' id='word_1_456' title='bbox 770 4357 836 4430; x_wconf 72' lang='lat' dir='ltr'><strong><em>ua).</em></strong></span> 
     </span>
    </p>
   </div>
   <div class='ocr_carea' id='block_1_6' title="bbox 226 4466 1053 4543">
    <p class='ocr_par' dir='ltr' id='par_1_7' title="bbox 226 4466 1053 4543">
     <span class='ocr_line' id='line_1_48' title="bbox 226 4466 1053 4543; baseline 0.021 -22"><span class='ocrx_word' id='word_1_457' title='bbox 226 4466 403 4523; x_wconf 83' lang='lat' dir='ltr'><strong><em>Innocentius</em></strong></span> <span class='ocrx_word' id='word_1_458' title='bbox 421 4467 560 4525; x_wconf 81' lang='lat' dir='ltr'><strong><em>Romanas</em></strong></span> <span class='ocrx_word' id='word_1_459' title='bbox 572 4470 705 4543; x_wconf 76' lang='lat' dir='ltr'><strong><em>pontifex,</em></strong></span> <span class='ocrx_word' id='word_1_460' title='bbox 721 4473 852 4531; x_wconf 82' lang='lat' dir='ltr'><strong><em>Patribus</em></strong></span> <span class='ocrx_word' id='word_1_461' title='bbox 870 4477 981 4535; x_wconf 80' lang='lat' dir='ltr'><strong><em>concubii</em></strong></span> <span class='ocrx_word' id='word_1_462' title='bbox 998 4479 1053 4538; x_wconf 77' lang='lat' dir='ltr'><strong><em>tti-</em></strong></span> 
     </span>
    </p>
   </div>
   <div class='ocr_carea' id='block_1_7' title="bbox 260 4555 1052 4701">
    <p class='ocr_par' dir='ltr' id='par_1_8' title="bbox 260 4555 1052 4701">
     <span class='ocr_line' id='line_1_49' title="bbox 260 4555 1052 4641; baseline 0.02 -31"><span class='ocrx_word' id='word_1_463' title='bbox 260 4555 383 4627; x_wconf 86' lang='lat' dir='ltr'><strong><em>ieoitoni‚</em></strong></span> <span class='ocrx_word' id='word_1_464' title='bbox 394 4558 565 4630; x_wconf 82' lang='lat' dir='ltr'><strong><em>comprobans</em></strong></span> <span class='ocrx_word' id='word_1_465' title='bbox 576 4559 690 4617; x_wconf 86' lang='lat' dir='ltr'><strong><em>iliorum</em></strong></span> <span class='ocrx_word' id='word_1_466' title='bbox 702 4570 763 4619; x_wconf 91' lang='lat' dir='ltr'><strong><em>acta</em></strong></span> <span class='ocrx_word' id='word_1_467' title='bbox 783 4563 911 4624; x_wconf 77' lang='lat' dir='ltr'><strong><em>adversm</em></strong></span> <span class='ocrx_word' id='word_1_468' title='bbox 923 4568 1052 4641; x_wconf 83' lang='lat' dir='ltr'><strong><em>Pelopia-</em></strong></span> 
     </span>
     <span class='ocr_line' id='line_1_50' title="bbox 260 4659 320 4701; baseline 0.05 -3"><span class='ocrx_word' id='word_1_469' title='bbox 260 4659 320 4701; x_wconf 86' lang='lat' dir='ltr'><strong><em>nos.</em></strong></span> 
     </span>
    </p>
   </div>
   <div class='ocr_carea' id='block_1_8' title="bbox 223 4749 1050 4839">
    <p class='ocr_par' dir='ltr' id='par_1_9' title="bbox 223 4749 1050 4839">
     <span class='ocr_line' id='line_1_51' title="bbox 223 4749 1050 4839; baseline 0.022 -35"><span class='ocrx_word' id='word_1_470' title='bbox 223 4749 411 4818; x_wconf 83' lang='lat' dir='ltr'><strong><em>lunocnnmos,</em></strong></span> <span class='ocrx_word' id='word_1_471' title='bbox 426 4753 631 4823; x_wconf 69' lang='lat' dir='ltr'><strong><em>sarrraceni,</em></strong></span> <span class='ocrx_word' id='word_1_472' title='bbox 648 4756 814 4815; x_wconf 67' lang='lat' dir='ltr'><strong><em>Vannio.</em></strong></span> <span class='ocrx_word' id='word_1_473' title='bbox 833 4766 861 4818; x_wconf 87' lang='lat' dir='ltr'><strong><em>ot</em></strong></span> <span class='ocrx_word' id='word_1_474' title='bbox 875 4764 1050 4839; x_wconf 84' lang='lat' dir='ltr'><strong><em>amterisqui</em></strong></span> 
     </span>
    </p>
   </div>
   <div class='ocr_carea' id='block_1_9' title="bbox 259 4838 1051 4995">
    <p class='ocr_par' dir='ltr' id='par_1_10' title="bbox 259 4838 1051 4995">
     <span class='ocr_line' id='line_1_52' title="bbox 259 4838 1051 4915; baseline 0.023 -21"><span class='ocrx_word' id='word_1_475' title='bbox 259 4838 289 4895; x_wconf 86' lang='lat' dir='ltr'><strong><em>in</em></strong></span> <span class='ocrx_word' id='word_1_476' title='bbox 305 4840 471 4898; x_wconf 81' lang='lat' dir='ltr'><strong><em>Milovitana</em></strong></span> <span class='ocrx_word' id='word_1_477' title='bbox 500 4844 615 4915; x_wconf 77' lang='lat' dir='ltr'><strong><em>synodo</em></strong></span> <span class='ocrx_word' id='word_1_478' title='bbox 635 4845 831 4908; x_wconf 82' lang='lat' dir='ltr'><strong><em>interfuerunt</em></strong></span> <span class='ocrx_word' id='word_1_479' title='bbox 852 4851 1051 4912; x_wconf 83' lang='lat' dir='ltr'><strong><em>dilectissimis</em></strong></span> 
     </span>
     <span class='ocr_line' id='line_1_53' title="bbox 259 4927 755 4995; baseline 0.02 -12"><span class='ocrx_word' id='word_1_480' title='bbox 259 4927 409 4995; x_wconf 83' lang='lat' dir='ltr'><strong><em>tratribus,</em></strong></span> <span class='ocrx_word' id='word_1_481' title='bbox 425 4930 456 4985; x_wconf 86' lang='lat' dir='ltr'><strong><em>io</em></strong></span> <span class='ocrx_word' id='word_1_482' title='bbox 473 4933 599 4991; x_wconf 77' lang='lat' dir='ltr'><strong><em>Domino</em></strong></span> <span class='ocrx_word' id='word_1_483' title='bbox 615 4933 755 4993; x_wconf 82' lang='lat' dir='ltr'><strong><em>salutem.</em></strong></span> 
     </span>
    </p>
   </div>
   <div class='ocr_carea' id='block_1_10' title="bbox 254 5112 876 5174">
    <p class='ocr_par' dir='ltr' id='par_1_11' title="bbox 254 5112 876 5174">
     <span class='ocr_line' id='line_1_54' title="bbox 254 5112 876 5174; baseline 0.019 -12"><span class='ocrx_word' id='word_1_484' title='bbox 254 5114 261 5143; x_wconf 89' lang='lat'>¹</span> <span class='ocrx_word' id='word_1_485' title='bbox 276 5112 319 5163; x_wconf 87' lang='lat' dir='ltr'><strong><em>Sic</em></strong></span> <span class='ocrx_word' id='word_1_486' title='bbox 335 5113 384 5163; x_wconf 80' lang='lat' dir='ltr'><strong><em>bis.</em></strong></span> <span class='ocrx_word' id='word_1_487' title='bbox 397 5113 475 5165; x_wconf 85' lang='lat' dir='ltr'><strong><em>Gorb.</em></strong></span> <span class='ocrx_word' id='word_1_488' title='bbox 493 5114 527 5165; x_wconf 79' lang='lat' dir='ltr'><strong><em>ut</em></strong></span> <span class='ocrx_word' id='word_1_489' title='bbox 541 5114 615 5174; x_wconf 82' lang='lat' dir='ltr'><strong><em>Edd..</em></strong></span> <span class='ocrx_word' id='word_1_490' title='bbox 630 5131 663 5167; x_wconf 87' lang='lat' dir='ltr'><strong><em>ne</em></strong></span> <span class='ocrx_word' id='word_1_491' title='bbox 673 5119 771 5170; x_wconf 83' lang='lat' dir='ltr'><strong><em>diutius</em></strong></span> <span class='ocrx_word' id='word_1_492' title='bbox 785 5124 876 5173; x_wconf 86' lang='lat' dir='ltr'><strong><em>matta.</em></strong></span> 
     </span>
    </p>
   </div>
   <div class='ocr_carea' id='block_1_11' title="bbox 253 5176 1061 5243">
    <p class='ocr_par' dir='ltr' id='par_1_12' title="bbox 253 5176 1061 5243">
     <span class='ocr_line' id='line_1_55' title="bbox 253 5176 1061 5243; baseline 0.02 -18"><span class='ocrx_word' id='word_1_493' title='bbox 253 5177 263 5210; x_wconf 88' lang='lat'><strong>¹</strong></span> <span class='ocrx_word' id='word_1_494' title='bbox 278 5176 321 5226; x_wconf 88' lang='lat' dir='ltr'><strong><em>Sic</em></strong></span> <span class='ocrx_word' id='word_1_495' title='bbox 334 5176 398 5230; x_wconf 84' lang='lat' dir='ltr'><strong><em>Mss.</em></strong></span> <span class='ocrx_word' id='word_1_496' title='bbox 418 5192 424 5235; x_wconf 90' lang='lat'>;</span> <span class='ocrx_word' id='word_1_497' title='bbox 438 5180 466 5227; x_wconf 87' lang='lat' dir='ltr'><strong><em>nt</em></strong></span> <span class='ocrx_word' id='word_1_498' title='bbox 480 5176 557 5235; x_wconf 74' lang='lat' dir='ltr'><strong><em>an,</em></strong></span> <span class='ocrx_word' id='word_1_499' title='bbox 570 5179 660 5243; x_wconf 86' lang='lat' dir='ltr'><strong><em>quinto</em></strong></span> <span class='ocrx_word' id='word_1_500' title='bbox 677 5176 803 5242; x_wconf 76' lang='lat' dir='ltr'><strong><em>intendas,</em></strong></span> <span class='ocrx_word' id='word_1_501' title='bbox 817 5187 925 5239; x_wconf 88' lang='lat' dir='ltr'><strong><em>omissis</em></strong></span> <span class='ocrx_word' id='word_1_502' title='bbox 933 5191 1061 5242; x_wconf 89' lang='lat' dir='ltr'><strong><em>consuli--</em></strong></span> 
     </span>
    </p>
   </div>
   <div class='ocr_carea' id='block_1_12' title="bbox 220 5236 1047 5431">
    <p class='ocr_par' dir='ltr' id='par_1_13' title="bbox 220 5236 1047 5431">
     <span class='ocr_line' id='line_1_56' title="bbox 220 5236 1045 5312; baseline 0.021 -25"><span class='ocrx_word' id='word_1_503' title='bbox 220 5236 280 5295; x_wconf 84' lang='lat' dir='ltr'><strong><em>hus,</em></strong></span> <span class='ocrx_word' id='word_1_504' title='bbox 297 5252 365 5303; x_wconf 90' lang='lat' dir='ltr'><strong><em>quos</em></strong></span> <span class='ocrx_word' id='word_1_505' title='bbox 379 5241 570 5291; x_wconf 83' lang='lat' dir='ltr'><strong><em>annotavimus</em></strong></span> <span class='ocrx_word' id='word_1_506' title='bbox 583 5255 615 5292; x_wconf 82' lang='lat' dir='ltr'><strong><em>ox</em></strong></span> <span class='ocrx_word' id='word_1_507' title='bbox 627 5243 689 5293; x_wconf 81' lang='lat' dir='ltr'><strong><em>Mss.</em></strong></span> <span class='ocrx_word' id='word_1_508' title='bbox 702 5245 789 5300; x_wconf 87' lang='lat' dir='ltr'><strong><em>Vatia.</em></strong></span> <span class='ocrx_word' id='word_1_509' title='bbox 806 5248 885 5299; x_wconf 86' lang='lat' dir='ltr'><strong><em>Corb.</em></strong></span> <span class='ocrx_word' id='word_1_510' title='bbox 900 5255 927 5301; x_wconf 88' lang='lat' dir='ltr'><strong><em>ot</em></strong></span> <span class='ocrx_word' id='word_1_511' title='bbox 940 5250 1045 5312; x_wconf 85' lang='lat' dir='ltr'><strong><em>Germ..</em></strong></span> 
     </span>
     <span class='ocr_line' id='line_1_57' title="bbox 221 5302 1046 5368; baseline 0.024 -21"><span class='ocrx_word' id='word_1_512' title='bbox 221 5313 387 5365; x_wconf 85' lang='lat' dir='ltr'><strong><em>quamquam</em></strong></span> <span class='ocrx_word' id='word_1_513' title='bbox 401 5302 427 5351; x_wconf 91' lang='lat' dir='ltr'><strong><em>in</em></strong></span> <span class='ocrx_word' id='word_1_514' title='bbox 445 5302 523 5353; x_wconf 82' lang='lat' dir='ltr'><strong><em>corn.</em></strong></span> <span class='ocrx_word' id='word_1_515' title='bbox 537 5305 605 5354; x_wconf 86' lang='lat' dir='ltr'><strong><em>altor</em></strong></span> <span class='ocrx_word' id='word_1_516' title='bbox 619 5307 762 5357; x_wconf 89' lang='lat' dir='ltr'><strong><em>consulum</em></strong></span> <span class='ocrx_word' id='word_1_517' title='bbox 774 5308 861 5361; x_wconf 82' lang='lat' dir='ltr'><strong><em>Lassus</em></strong></span> <span class='ocrx_word' id='word_1_518' title='bbox 886 5326 934 5363; x_wconf 85' lang='lat' dir='ltr'><strong><em>sau</em></strong></span> <span class='ocrx_word' id='word_1_519' title='bbox 947 5314 1046 5368; x_wconf 79' lang='lat' dir='ltr'><strong><em>Lanius</em></strong></span> 
     </span>
     <span class='ocr_line' id='line_1_58' title="bbox 221 5363 1047 5431; baseline 0.023 -20"><span class='ocrx_word' id='word_1_520' title='bbox 221 5363 381 5424; x_wconf 83' lang='lat' dir='ltr'><strong><em>appellatur.</em></strong></span> <span class='ocrx_word' id='word_1_521' title='bbox 394 5366 426 5415; x_wconf 89' lang='lat' dir='ltr'><strong><em>tn</em></strong></span> <span class='ocrx_word' id='word_1_522' title='bbox 442 5365 525 5415; x_wconf 83' lang='lat' dir='ltr'><strong><em>Vatia.</em></strong></span> <span class='ocrx_word' id='word_1_523' title='bbox 542 5373 643 5427; x_wconf 87' lang='lat' dir='ltr'><strong><em>autom,</em></strong></span> <span class='ocrx_word' id='word_1_524' title='bbox 658 5367 758 5429; x_wconf 82' lang='lat' dir='ltr'><strong><em>Lucius,</em></strong></span> <span class='ocrx_word' id='word_1_525' title='bbox 778 5374 817 5422; x_wconf 89' lang='lat' dir='ltr'><strong><em>uti</em></strong></span> <span class='ocrx_word' id='word_1_526' title='bbox 832 5378 859 5424; x_wconf 87' lang='lat' dir='ltr'><strong><em>ot</em></strong></span> <span class='ocrx_word' id='word_1_527' title='bbox 875 5375 903 5425; x_wconf 89' lang='lat' dir='ltr'><strong><em>in</em></strong></span> <span class='ocrx_word' id='word_1_528' title='bbox 916 5376 1002 5429; x_wconf 85' lang='lat' dir='ltr'><strong><em>Gorm.</em></strong></span> <span class='ocrx_word' id='word_1_529' title='bbox 1018 5380 1047 5431; x_wconf 89' lang='lat' dir='ltr'><strong><em>in</em></strong></span> 
     </span>
    </p>
   </div>
   <div class='ocr_carea' id='block_1_13' title="bbox 221 5428 1045 5549">
    <p class='ocr_par' dir='ltr' id='par_1_14' title="bbox 221 5428 1045 5549">
     <span class='ocr_line' id='line_1_59' title="bbox 221 5428 1045 5505; baseline 0.023 -33"><span class='ocrx_word' id='word_1_530' title='bbox 221 5437 276 5486; x_wconf 90' lang='lat' dir='ltr'><strong><em>quo</em></strong></span> <span class='ocrx_word' id='word_1_531' title='bbox 291 5439 322 5474; x_wconf 83' lang='lat' dir='ltr'><strong><em>ox</em></strong></span> <span class='ocrx_word' id='word_1_532' title='bbox 336 5439 418 5498; x_wconf 83' lang='lat' dir='ltr'><strong><em>pravo</em></strong></span> <span class='ocrx_word' id='word_1_533' title='bbox 442 5428 660 5505; x_wconf 76' lang='lat' dir='ltr'><strong><em>interpretatione</em></strong></span> <span class='ocrx_word' id='word_1_534' title='bbox 675 5436 800 5484; x_wconf 87' lang='lat' dir='ltr'><strong><em>notarum</em></strong></span> <span class='ocrx_word' id='word_1_535' title='bbox 822 5451 849 5488; x_wconf 87' lang='lat' dir='ltr'><strong><em>v.</em></strong></span> <span class='ocrx_word' id='word_1_536' title='bbox 870 5451 895 5493; x_wconf 84' lang='lat' dir='ltr'><strong><em>a.</em></strong></span> <span class='ocrx_word' id='word_1_537' title='bbox 916 5442 1045 5505; x_wconf 86' lang='lat' dir='ltr'><strong><em>scriptum</em></strong></span> 
     </span>
     <span class='ocr_line' id='line_1_60' title="bbox 221 5486 695 5549; baseline 0.023 -16"><span class='ocrx_word' id='word_1_538' title='bbox 221 5490 272 5542; x_wconf 88' lang='lat' dir='ltr'><strong><em>ost,</em></strong></span> <span class='ocrx_word' id='word_1_539' title='bbox 285 5486 363 5537; x_wconf 79' lang='lat' dir='ltr'><strong><em>Lasso</em></strong></span> <span class='ocrx_word' id='word_1_540' title='bbox 379 5488 475 5549; x_wconf 83' lang='lat' dir='ltr'><strong><em>Quarto</em></strong></span> <span class='ocrx_word' id='word_1_541' title='bbox 496 5492 513 5539; x_wconf 89' lang='lat' dir='ltr'><strong><em>t&#39;</em></strong></span> <span class='ocrx_word' id='word_1_542' title='bbox 530 5492 695 5544; x_wconf 84' lang='lat' dir='ltr'><strong><em>Consulibus.</em></strong></span> 
     </span>
    </p>
   </div>
   <div class='ocr_carea' id='block_1_14' title="bbox 252 5548 1045 5693">
    <p class='ocr_par' dir='ltr' id='par_1_15' title="bbox 252 5548 1045 5693">
     <span class='ocr_line' id='line_1_61' title="bbox 252 5548 1044 5618; baseline 0.03 -24"><span class='ocrx_word' id='word_1_543' title='bbox 252 5548 267 5579; x_wconf 78' lang='lat'><strong>¹</strong></span> <span class='ocrx_word' id='word_1_544' title='bbox 284 5548 423 5601; x_wconf 79' lang='lat' dir='ltr'><strong><em>Roconsita</em></strong></span> <span class='ocrx_word' id='word_1_545' title='bbox 437 5552 471 5602; x_wconf 87' lang='lat' dir='ltr'><strong><em>ad</em></strong></span> <span class='ocrx_word' id='word_1_546' title='bbox 484 5552 520 5602; x_wconf 86' lang='lat' dir='ltr'><strong><em>bt.</em></strong></span> <span class='ocrx_word' id='word_1_547' title='bbox 539 5555 565 5604; x_wconf 79' lang='lat' dir='ltr'><strong><em>ti.</em></strong></span> <span class='ocrx_word' id='word_1_548' title='bbox 583 5557 621 5606; x_wconf 86' lang='lat' dir='ltr'><strong><em>th.</em></strong></span> <span class='ocrx_word' id='word_1_549' title='bbox 637 5557 707 5608; x_wconf 88' lang='lat' dir='ltr'><strong><em>duos</em></strong></span> <span class='ocrx_word' id='word_1_550' title='bbox 721 5572 746 5608; x_wconf 90' lang='lat' dir='ltr'><strong><em>v.</em></strong></span> <span class='ocrx_word' id='word_1_551' title='bbox 759 5560 817 5609; x_wconf 77' lang='lat' dir='ltr'><strong><em>Am.</em></strong></span> <span class='ocrx_word' id='word_1_552' title='bbox 834 5560 897 5613; x_wconf 77' lang='lat' dir='ltr'><strong><em>aaa.</em></strong></span> <span class='ocrx_word' id='word_1_553' title='bbox 918 5564 960 5615; x_wconf 83' lang='lat' dir='ltr'><strong><em>Er.</em></strong></span> <span class='ocrx_word' id='word_1_554' title='bbox 979 5565 1044 5618; x_wconf 85' lang='lat' dir='ltr'><strong><em>Lov.</em></strong></span> 
     </span>
     <span class='ocr_line' id='line_1_62' title="bbox 252 5608 1045 5693; baseline 0.034 -37"><span class='ocrx_word' id='word_1_555' title='bbox 252 5608 259 5667; x_wconf 81' lang='lat' dir='ltr'><strong><em>t</em></strong></span> <span class='ocrx_word' id='word_1_556' title='bbox 303 5610 373 5660; x_wconf 73' lang='lat' dir='ltr'><strong><em>otios</em></strong></span> <span class='ocrx_word' id='word_1_557' title='bbox 388 5614 417 5661; x_wconf 75' lang='grc'><strong><em>93</em></strong></span> <span class='ocrx_word' id='word_1_558' title='bbox 434 5627 439 5661; x_wconf 93' lang='lat'>:</span> <span class='ocrx_word' id='word_1_559' title='bbox 456 5621 614 5678; x_wconf 81' lang='lat' dir='ltr'><strong><em>quassatam</em></strong></span> <span class='ocrx_word' id='word_1_560' title='bbox 628 5620 673 5668; x_wconf 75' lang='lat' dir='ltr'><strong><em>tan</em></strong></span> <span class='ocrx_word' id='word_1_561' title='bbox 687 5624 752 5680; x_wconf 85' lang='lat' dir='ltr'><strong><em>erat,</em></strong></span> <span class='ocrx_word' id='word_1_562' title='bbox 768 5636 840 5675; x_wconf 89' lang='lat' dir='ltr'><strong><em>nunc</em></strong></span> <span class='ocrx_word' id='word_1_563' title='bbox 854 5625 882 5676; x_wconf 89' lang='lat' dir='ltr'><strong><em>tn</em></strong></span> <span class='ocrx_word' id='word_1_564' title='bbox 890 5626 1045 5693; x_wconf 69' lang='lat' dir='ltr'><strong><em>appendice</em></strong></span> 
     </span>
    </p>
   </div>
   <div class='ocr_carea' id='block_1_15' title="bbox 220 5612 718 5740">
    <p class='ocr_par' dir='ltr' id='par_1_16' title="bbox 220 5612 718 5740">
     <span class='ocr_line' id='line_1_63' title="bbox 220 5612 718 5740; baseline 0.022 -18"><span class='ocrx_word' id='word_1_565' title='bbox 220 5612 298 5726; x_wconf 39' lang='lat' dir='ltr'><strong><em>estad</em></strong></span> <span class='ocrx_word' id='word_1_566' title='bbox 320 5672 462 5740; x_wconf 82' lang='lat' dir='ltr'><strong><em>Inscripta</em></strong></span> <span class='ocrx_word' id='word_1_567' title='bbox 477 5678 587 5731; x_wconf 84' lang='lat' dir='ltr'><strong><em>ineunte</em></strong></span> <span class='ocrx_word' id='word_1_568' title='bbox 601 5694 645 5731; x_wconf 90' lang='lat' dir='ltr'><strong><em>an.</em></strong></span> <span class='ocrx_word' id='word_1_569' title='bbox 663 5683 718 5736; x_wconf 81' lang='lat' dir='ltr'><strong><em>iti.</em></strong></span> 
     </span>
    </p>
   </div>
   <div class='ocr_carea' id='block_1_16' title="bbox 1098 2547 1935 5125">
    <p class='ocr_par' dir='ltr' id='par_1_17' title="bbox 1104 2547 1935 3694">
     <span class='ocr_line' id='line_1_64' title="bbox 1108 2547 1934 2625; baseline -0.006 -18"><span class='ocrx_word' id='word_1_570' title='bbox 1108 2568 1191 2625; x_wconf 89' lang='lat' dir='ltr'><strong><em>quom</em></strong></span> <span class='ocrx_word' id='word_1_571' title='bbox 1205 2557 1260 2607; x_wconf 94' lang='lat' dir='ltr'><strong><em>toto</em></strong></span> <span class='ocrx_word' id='word_1_572' title='bbox 1277 2566 1380 2621; x_wconf 88' lang='lat' dir='ltr'><strong><em>semper</em></strong></span> <span class='ocrx_word' id='word_1_573' title='bbox 1391 2547 1424 2603; x_wconf 92' lang='lat' dir='ltr'><strong><em>ab</em></strong></span> <span class='ocrx_word' id='word_1_574' title='bbox 1438 2547 1499 2603; x_wconf 88' lang='lat' dir='ltr'><strong><em>orbe</em></strong></span> <span class='ocrx_word' id='word_1_575' title='bbox 1514 2563 1615 2603; x_wconf 92' lang='lat' dir='ltr'><strong><em>mecum</em></strong></span> <span class='ocrx_word' id='word_1_576' title='bbox 1629 2547 1714 2603; x_wconf 89' lang='lat' dir='ltr'><strong><em>nostis</em></strong></span> <span class='ocrx_word' id='word_1_577' title='bbox 1723 2563 1778 2603; x_wconf 87' lang='lat' dir='ltr'><strong><em>esse</em></strong></span> <span class='ocrx_word' id='word_1_578' title='bbox 1789 2552 1934 2603; x_wconf 79' lang='lat' dir='ltr'><strong><em>seruatam.</em></strong></span> 
     </span>
     <span class='ocr_line' id='line_1_65' title="bbox 1112 2636 1935 2708; baseline -0.007 -10"><span class='ocrx_word' id='word_1_579' title='bbox 1112 2640 1208 2698; x_wconf 84' lang='lat' dir='ltr'><strong><em>Veram</em></strong></span> <span class='ocrx_word' id='word_1_580' title='bbox 1224 2639 1372 2696; x_wconf 72' lang='lat' dir='ltr'><strong><em>baamissa</em></strong></span> <span class='ocrx_word' id='word_1_581' title='bbox 1386 2637 1478 2708; x_wconf 62' lang='lat' dir='ltr'><strong><em>facim·</em></strong></span> <span class='ocrx_word' id='word_1_582' title='bbox 1491 2653 1573 2708; x_wconf 86' lang='lat' dir='ltr'><strong><em>neque</em></strong></span> <span class='ocrx_word' id='word_1_583' title='bbox 1586 2636 1657 2693; x_wconf 90' lang='lat' dir='ltr'><strong><em>enim</em></strong></span> <span class='ocrx_word' id='word_1_584' title='bbox 1673 2637 1719 2692; x_wconf 88' lang='lat' dir='ltr'><strong><em>boc</em></strong></span> <span class='ocrx_word' id='word_1_585' title='bbox 1733 2636 1935 2693; x_wconf 84' lang='lat' dir='ltr'><strong><em>nestramoredo</em></strong></span> 
     </span>
     <span class='ocr_line' id='line_1_66' title="bbox 1109 2725 1935 2802; baseline -0.008 -16"><span class='ocrx_word' id='word_1_586' title='bbox 1109 2729 1193 2786; x_wconf 86' lang='lat' dir='ltr'><strong><em>latere</em></strong></span> <span class='ocrx_word' id='word_1_587' title='bbox 1209 2729 1403 2802; x_wconf 88' lang='lat' dir='ltr'><strong><em>prudentiam:</em></strong></span> <span class='ocrx_word' id='word_1_588' title='bbox 1419 2727 1467 2800; x_wconf 89' lang='lat' dir='ltr'><strong><em>qai</em></strong></span> <span class='ocrx_word' id='word_1_589' title='bbox 1479 2726 1508 2780; x_wconf 87' lang='lat' dir='ltr'><strong><em>id</em></strong></span> <span class='ocrx_word' id='word_1_590' title='bbox 1520 2728 1590 2782; x_wconf 90' lang='lat' dir='ltr'><strong><em>enim</em></strong></span> <span class='ocrx_word' id='word_1_591' title='bbox 1604 2725 1710 2782; x_wconf 87' lang='lat' dir='ltr'><strong><em>actione</em></strong></span> <span class='ocrx_word' id='word_1_592' title='bbox 1723 2727 1870 2796; x_wconf 72' lang='lat' dir='ltr'><strong><em>firmastis,</em></strong></span> <span class='ocrx_word' id='word_1_593' title='bbox 1881 2725 1935 2782; x_wconf 87' lang='lat' dir='ltr'><strong><em>nisi</em></strong></span> 
     </span>
     <span class='ocr_line' id='line_1_67' title="bbox 1107 2815 1934 2891; baseline -0.007 -15"><span class='ocrx_word' id='word_1_594' title='bbox 1107 2821 1220 2877; x_wconf 85' lang='lat' dir='ltr'><strong><em>scientes</em></strong></span> <span class='ocrx_word' id='word_1_595' title='bbox 1233 2818 1302 2891; x_wconf 90' lang='lat' dir='ltr'><strong><em>quod</em></strong></span> <span class='ocrx_word' id='word_1_596' title='bbox 1318 2834 1368 2890; x_wconf 84' lang='lat' dir='ltr'><strong><em>par</em></strong></span> <span class='ocrx_word' id='word_1_597' title='bbox 1379 2833 1468 2873; x_wconf 88' lang='lat' dir='ltr'><strong><em>omnes</em></strong></span> <span class='ocrx_word' id='word_1_598' title='bbox 1484 2816 1637 2889; x_wconf 85' lang='lat' dir='ltr'><strong><em>prouincias</em></strong></span> <span class='ocrx_word' id='word_1_599' title='bbox 1650 2815 1682 2870; x_wconf 82' lang='lat' dir='ltr'><strong><em>de</em></strong></span> <span class='ocrx_word' id='word_1_600' title='bbox 1699 2816 1854 2887; x_wconf 88' lang='lat' dir='ltr'><strong><em>apostatico</em></strong></span> <span class='ocrx_word' id='word_1_601' title='bbox 1862 2816 1934 2885; x_wconf 79' lang='lat' dir='ltr'><strong><em>santa</em></strong></span> 
     </span>
     <span class='ocr_line' id='line_1_68' title="bbox 1105 2906 1934 2982; baseline -0.006 -17"><span class='ocrx_word' id='word_1_602' title='bbox 1105 2908 1259 2982; x_wconf 87' lang='lat' dir='ltr'><strong><em>petentibus</em></strong></span> <span class='ocrx_word' id='word_1_603' title='bbox 1277 2906 1934 2981; x_wconf 77' lang='lat' dir='ltr'><strong><em>respomnsempernmnenstprnsersimqaona</em></strong></span> 
     </span>
     <span class='ocr_line' id='line_1_69' title="bbox 1107 2992 1933 3072; baseline -0.008 -18"><span class='ocrx_word' id='word_1_604' title='bbox 1107 2999 1172 3072; x_wconf 69' lang='lat' dir='ltr'><strong><em>fidei</em></strong></span> <span class='ocrx_word' id='word_1_605' title='bbox 1177 3000 1252 3054; x_wconf 92' lang='lat' dir='ltr'><strong><em>ratio</em></strong></span> <span class='ocrx_word' id='word_1_606' title='bbox 1263 2997 1422 3062; x_wconf 80' lang='lat' dir='ltr'><strong><em>ventilatur,</em></strong></span> <span class='ocrx_word' id='word_1_607' title='bbox 1437 2995 1562 3051; x_wconf 90' lang='lat' dir='ltr'><strong><em>arbitror</em></strong></span> <span class='ocrx_word' id='word_1_608' title='bbox 1568 3010 1657 3053; x_wconf 92' lang='lat' dir='ltr'><strong><em>omnes</em></strong></span> <span class='ocrx_word' id='word_1_609' title='bbox 1662 2992 1933 3067; x_wconf 80' lang='lat' dir='ltr'><strong><em>fratrmetcoepisoa</em></strong></span> 
     </span>
     <span class='ocr_line' id='line_1_70' title="bbox 1107 3084 1933 3162; baseline -0.008 -16"><span class='ocrx_word' id='word_1_610' title='bbox 1107 3106 1155 3162; x_wconf 88' lang='lat' dir='ltr'><strong><em>pos</em></strong></span> <span class='ocrx_word' id='word_1_611' title='bbox 1170 3095 1283 3157; x_wconf 84' lang='lat' dir='ltr'><strong><em>nostros,</em></strong></span> <span class='ocrx_word' id='word_1_612' title='bbox 1300 3087 1411 3144; x_wconf 87' lang='lat' dir='ltr'><strong><em>nonnisi</em></strong></span> <span class='ocrx_word' id='word_1_613' title='bbox 1425 3085 1460 3142; x_wconf 91' lang='lat' dir='ltr'><strong><em>ad</em></strong></span> <span class='ocrx_word' id='word_1_614' title='bbox 1472 3086 1595 3152; x_wconf 85' lang='lat' dir='ltr'><strong><em>Petrum,</em></strong></span> <span class='ocrx_word' id='word_1_615' title='bbox 1613 3084 1643 3140; x_wconf 86' lang='lat' dir='ltr'><strong><em>id</em></strong></span> <span class='ocrx_word' id='word_1_616' title='bbox 1656 3090 1705 3155; x_wconf 89' lang='lat' dir='ltr'><strong><em>est,</em></strong></span> <span class='ocrx_word' id='word_1_617' title='bbox 1720 3085 1769 3140; x_wconf 86' lang='lat' dir='ltr'><strong><em>sai</em></strong></span> <span class='ocrx_word' id='word_1_618' title='bbox 1781 3086 1933 3140; x_wconf 85' lang='lat' dir='ltr'><strong><em>nominiset</em></strong></span> 
     </span>
     <span class='ocr_line' id='line_1_71' title="bbox 1108 3173 1931 3248; baseline -0.007 -12"><span class='ocrx_word' id='word_1_619' title='bbox 1108 3179 1216 3235; x_wconf 90' lang='lat' dir='ltr'><strong><em>bonoris</em></strong></span> <span class='ocrx_word' id='word_1_620' title='bbox 1227 3185 1363 3235; x_wconf 80' lang='lat' dir='ltr'><strong><em>auctorem</em></strong></span> <span class='ocrx_word' id='word_1_621' title='bbox 1376 3177 1481 3248; x_wconf 71' lang='lat' dir='ltr'><strong><em>reterre</em></strong></span> <span class='ocrx_word' id='word_1_622' title='bbox 1495 3175 1599 3242; x_wconf 83' lang='lat' dir='ltr'><strong><em>debore,</em></strong></span> <span class='ocrx_word' id='word_1_623' title='bbox 1614 3173 1687 3231; x_wconf 86' lang='lat' dir='ltr'><strong><em>reiut</em></strong></span> <span class='ocrx_word' id='word_1_624' title='bbox 1697 3190 1771 3231; x_wconf 87' lang='lat' dir='ltr'><strong><em>nunc</em></strong></span> <span class='ocrx_word' id='word_1_625' title='bbox 1782 3174 1882 3231; x_wconf 73' lang='lat' dir='ltr'><strong><em>retulit</em></strong></span> <span class='ocrx_word' id='word_1_626' title='bbox 1895 3191 1931 3230; x_wconf 92' lang='lat' dir='ltr'><strong><em>oe·</em></strong></span> 
     </span>
     <span class='ocr_line' id='line_1_72' title="bbox 1106 3263 1932 3339; baseline -0.005 -15"><span class='ocrx_word' id='word_1_627' title='bbox 1106 3275 1166 3324; x_wconf 89' lang='lat' dir='ltr'><strong><em>stra</em></strong></span> <span class='ocrx_word' id='word_1_628' title='bbox 1176 3268 1304 3332; x_wconf 80' lang='lat' dir='ltr'><strong><em>Dilectio,</em></strong></span> <span class='ocrx_word' id='word_1_629' title='bbox 1315 3265 1384 3339; x_wconf 86' lang='lat' dir='ltr'><strong><em>qaod</em></strong></span> <span class='ocrx_word' id='word_1_630' title='bbox 1395 3282 1447 3337; x_wconf 92' lang='lat' dir='ltr'><strong><em>per</em></strong></span> <span class='ocrx_word' id='word_1_631' title='bbox 1461 3272 1549 3322; x_wconf 88' lang='lat' dir='ltr'><strong><em>totum</em></strong></span> <span class='ocrx_word' id='word_1_632' title='bbox 1571 3263 1699 3321; x_wconf 89' lang='lat' dir='ltr'><strong><em>mundam</em></strong></span> <span class='ocrx_word' id='word_1_633' title='bbox 1712 3264 1800 3335; x_wconf 84' lang='lat' dir='ltr'><strong><em>possit</em></strong></span> <span class='ocrx_word' id='word_1_634' title='bbox 1815 3263 1932 3320; x_wconf 79' lang='lat' dir='ltr'><strong><em>omnibus</em></strong></span> 
     </span>
     <span class='ocr_line' id='line_1_73' title="bbox 1108 3352 1929 3428; baseline -0.007 -14"><span class='ocrx_word' id='word_1_635' title='bbox 1108 3358 1235 3414; x_wconf 76' lang='lat' dir='ltr'><strong><em>Ecclesiis</em></strong></span> <span class='ocrx_word' id='word_1_636' title='bbox 1253 3358 1285 3412; x_wconf 91' lang='lat' dir='ltr'><strong><em>in</em></strong></span> <span class='ocrx_word' id='word_1_637' title='bbox 1297 3372 1432 3412; x_wconf 90' lang='lat' dir='ltr'><strong><em>commane</em></strong></span> <span class='ocrx_word' id='word_1_638' title='bbox 1439 3354 1574 3428; x_wconf 88' lang='lat' dir='ltr'><strong><em>prodesse.</em></strong></span> <span class='ocrx_word' id='word_1_639' title='bbox 1587 3353 1674 3409; x_wconf 78' lang='lat' dir='ltr'><strong><em>Fiant</em></strong></span> <span class='ocrx_word' id='word_1_640' title='bbox 1694 3352 1770 3408; x_wconf 87' lang='lat' dir='ltr'><strong><em>enim</em></strong></span> <span class='ocrx_word' id='word_1_641' title='bbox 1780 3369 1885 3409; x_wconf 83' lang='lat' dir='ltr'><strong><em>necesse</em></strong></span> <span class='ocrx_word' id='word_1_642' title='bbox 1896 3358 1929 3408; x_wconf 84' lang='lat' dir='ltr'><strong><em>as</em></strong></span> 
     </span>
     <span class='ocr_line' id='line_1_74' title="bbox 1106 3440 1931 3514; baseline -0.007 -10"><span class='ocrx_word' id='word_1_643' title='bbox 1106 3449 1250 3511; x_wconf 88' lang='lat' dir='ltr'><strong><em>cautiores,</em></strong></span> <span class='ocrx_word' id='word_1_644' title='bbox 1261 3463 1320 3503; x_wconf 92' lang='lat' dir='ltr'><strong><em>cam</em></strong></span> <span class='ocrx_word' id='word_1_645' title='bbox 1333 3447 1484 3502; x_wconf 86' lang='lat' dir='ltr'><strong><em>inventores</em></strong></span> <span class='ocrx_word' id='word_1_646' title='bbox 1499 3442 1684 3510; x_wconf 87' lang='lat' dir='ltr'><strong><em>matorum‚ad</em></strong></span> <span class='ocrx_word' id='word_1_647' title='bbox 1693 3440 1817 3514; x_wconf 77' lang='lat' dir='ltr'><strong><em>duplicis</em></strong></span> <span class='ocrx_word' id='word_1_648' title='bbox 1824 3443 1931 3498; x_wconf 76' lang='lat' dir='ltr'><strong><em>rotatio</em></strong></span> 
     </span>
     <span class='ocr_line' id='line_1_75' title="bbox 1106 3530 1929 3610; baseline -0.009 -17"><span class='ocrx_word' id='word_1_649' title='bbox 1106 3554 1166 3594; x_wconf 92' lang='lat' dir='ltr'><strong><em>nem</em></strong></span> <span class='ocrx_word' id='word_1_650' title='bbox 1175 3536 1279 3610; x_wconf 76' lang='lat' dir='ltr'><strong><em>synodi,</em></strong></span> <span class='ocrx_word' id='word_1_651' title='bbox 1292 3535 1431 3592; x_wconf 79' lang='lat' dir='ltr'><strong><em>sententia</em></strong></span> <span class='ocrx_word' id='word_1_652' title='bbox 1447 3541 1546 3591; x_wconf 82' lang='lat' dir='ltr'><strong><em>nostrae</em></strong></span> <span class='ocrx_word' id='word_1_653' title='bbox 1552 3533 1664 3589; x_wconf 91' lang='lat' dir='ltr'><strong><em>statutis</em></strong></span> <span class='ocrx_word' id='word_1_654' title='bbox 1678 3531 1803 3588; x_wconf 88' lang='lat' dir='ltr'><strong><em>uiderint</em></strong></span> <span class='ocrx_word' id='word_1_655' title='bbox 1817 3530 1929 3589; x_wconf 65' lang='lat' dir='ltr'><strong><em>macria</em></strong></span> 
     </span>
     <span class='ocr_line' id='line_1_76' title="bbox 1104 3623 1570 3694; baseline -0.006 -11"><span class='ocrx_word' id='word_1_656' title='bbox 1104 3626 1216 3683; x_wconf 85' lang='lat' dir='ltr'><strong><em>siastico</em></strong></span> <span class='ocrx_word' id='word_1_657' title='bbox 1228 3623 1411 3682; x_wconf 90' lang='lat' dir='ltr'><strong><em>communione</em></strong></span> <span class='ocrx_word' id='word_1_658' title='bbox 1427 3623 1570 3694; x_wconf 77' lang='lat' dir='ltr'><strong><em>sejunctos.</em></strong></span> 
     </span>
    </p>

    <p class='ocr_par' dir='ltr' id='par_1_18' title="bbox 1098 3708 1932 5125">
     <span class='ocr_line' id='line_1_77' title="bbox 1141 3708 1930 3786; baseline -0.009 -14"><span class='ocrx_word' id='word_1_659' title='bbox 1141 3716 1168 3771; x_wconf 79' lang='lat'><strong><em>3.</em></strong></span> <span class='ocrx_word' id='word_1_660' title='bbox 1186 3715 1297 3772; x_wconf 86' lang='lat' dir='ltr'><strong><em>Gemino</em></strong></span> <span class='ocrx_word' id='word_1_661' title='bbox 1311 3712 1470 3786; x_wconf 86' lang='lat' dir='ltr'><strong><em>iqiturbano</em></strong></span> <span class='ocrx_word' id='word_1_662' title='bbox 1481 3712 1604 3769; x_wconf 87' lang='lat' dir='ltr'><strong><em>oboritas</em></strong></span> <span class='ocrx_word' id='word_1_663' title='bbox 1615 3716 1704 3766; x_wconf 87' lang='lat' dir='ltr'><strong><em>uestra</em></strong></span> <span class='ocrx_word' id='word_1_664' title='bbox 1714 3708 1930 3783; x_wconf 65' lang='lat' dir='ltr'><strong><em>[ammantica</em></strong></span> 
     </span>
     <span class='ocr_line' id='line_1_78' title="bbox 1104 3799 1932 3875; baseline -0.008 -13"><span class='ocrx_word' id='word_1_665' title='bbox 1104 3813 1129 3862; x_wconf 84' lang='lat' dir='ltr'><strong><em>et</em></strong></span> <span class='ocrx_word' id='word_1_666' title='bbox 1138 3822 1269 3862; x_wconf 78' lang='lat' dir='ltr'><strong><em>munnam</em></strong></span> <span class='ocrx_word' id='word_1_667' title='bbox 1276 3803 1421 3875; x_wconf 90' lang='lat' dir='ltr'><strong><em>potiemini</em></strong></span> <span class='ocrx_word' id='word_1_668' title='bbox 1434 3801 1528 3873; x_wconf 88' lang='lat' dir='ltr'><strong><em>qratia</em></strong></span> <span class='ocrx_word' id='word_1_669' title='bbox 1539 3807 1716 3867; x_wconf 68' lang='lat' dir='ltr'><strong><em>summorum,</em></strong></span> <span class='ocrx_word' id='word_1_670' title='bbox 1724 3805 1750 3855; x_wconf 91' lang='lat' dir='ltr'><strong><em>et</em></strong></span> <span class='ocrx_word' id='word_1_671' title='bbox 1762 3799 1932 3872; x_wconf 73' lang='lat' dir='ltr'><strong><em>beneficiam-</em></strong></span> 
     </span>
     <span class='ocr_line' id='line_1_79' title="bbox 1104 3889 1929 3959; baseline -0.005 -8"><span class='ocrx_word' id='word_1_672' title='bbox 1104 3903 1162 3952; x_wconf 93' lang='lat' dir='ltr'><strong><em>stro</em></strong></span> <span class='ocrx_word' id='word_1_673' title='bbox 1171 3900 1243 3951; x_wconf 92' lang='lat' dir='ltr'><strong><em>tatus</em></strong></span> <span class='ocrx_word' id='word_1_674' title='bbox 1252 3890 1505 3959; x_wconf 82' lang='lat' dir='ltr'><strong><em>orbisutetar.0ais</em></strong></span> <span class='ocrx_word' id='word_1_675' title='bbox 1514 3891 1583 3946; x_wconf 87' lang='lat' dir='ltr'><strong><em>enim</em></strong></span> <span class='ocrx_word' id='word_1_676' title='bbox 1594 3889 1797 3946; x_wconf 77' lang='lat' dir='ltr'><strong><em>catholicorum</em></strong></span> <span class='ocrx_word' id='word_1_677' title='bbox 1808 3891 1929 3947; x_wconf 73' lang='lat' dir='ltr'><strong><em>sirmam</em></strong></span> 
     </span>
     <span class='ocr_line' id='line_1_80' title="bbox 1104 3977 1931 4041; baseline -0.007 0"><span class='ocrx_word' id='word_1_678' title='bbox 1104 4001 1164 4041; x_wconf 87' lang='lat' dir='ltr'><strong><em>cum</em></strong></span> <span class='ocrx_word' id='word_1_679' title='bbox 1171 3982 1336 4040; x_wconf 55' lang='lat' dir='ltr'><strong><em>&amp;versariis</em></strong></span> <span class='ocrx_word' id='word_1_680' title='bbox 1342 3981 1447 4038; x_wconf 79' lang='lat' dir='ltr'><strong><em>Christi</em></strong></span> <span class='ocrx_word' id='word_1_681' title='bbox 1460 3979 1522 4036; x_wconf 84' lang='lat' dir='ltr'><strong><em>oeiit</em></strong></span> <span class='ocrx_word' id='word_1_682' title='bbox 1530 3978 1646 4035; x_wconf 87' lang='lat' dir='ltr'><strong><em>atterius</em></strong></span> <span class='ocrx_word' id='word_1_683' title='bbox 1657 3977 1931 4035; x_wconf 76' lang='lat' dir='ltr'><strong><em>misceresermonen?</em></strong></span> 
     </span>
     <span class='ocr_line' id='line_1_81' title="bbox 1104 4064 1929 4146; baseline -0.01 -16"><span class='ocrx_word' id='word_1_684' title='bbox 1104 4075 1165 4146; x_wconf 85' lang='lat' dir='ltr'><strong><em>quis</em></strong></span> <span class='ocrx_word' id='word_1_685' title='bbox 1174 4073 1268 4129; x_wconf 86' lang='lat' dir='ltr'><strong><em>saitem</em></strong></span> <span class='ocrx_word' id='word_1_686' title='bbox 1279 4073 1364 4144; x_wconf 81' lang='lat' dir='ltr'><strong><em>ipsam</em></strong></span> <span class='ocrx_word' id='word_1_687' title='bbox 1377 4069 1537 4127; x_wconf 82' lang='lat' dir='ltr'><strong><em>tacemoitae</em></strong></span> <span class='ocrx_word' id='word_1_688' title='bbox 1545 4067 1730 4124; x_wconf 88' lang='lat' dir='ltr'><strong><em>communione</em></strong></span> <span class='ocrx_word' id='word_1_689' title='bbox 1741 4068 1854 4139; x_wconf 86' lang='lat' dir='ltr'><strong><em>partiri</em></strong></span> <span class='ocrx_word' id='word_1_690' title='bbox 1866 4064 1929 4124; x_wconf 71' lang='lat' dir='ltr'><strong><em>run</em></strong></span> 
     </span>
     <span class='ocr_line' id='line_1_82' title="bbox 1103 4156 1926 4230; baseline -0.01 -11"><span class='ocrx_word' id='word_1_691' title='bbox 1103 4179 1144 4219; x_wconf 80' lang='lat' dir='ltr'><strong><em>oae</em></strong></span> <span class='ocrx_word' id='word_1_692' title='bbox 1154 4163 1282 4219; x_wconf 81' lang='lat' dir='ltr'><strong><em>baereseos</em></strong></span> <span class='ocrx_word' id='word_1_693' title='bbox 1299 4160 1434 4216; x_wconf 90' lang='lat' dir='ltr'><strong><em>nimirum</em></strong></span> <span class='ocrx_word' id='word_1_694' title='bbox 1447 4158 1594 4230; x_wconf 79' lang='lat' dir='ltr'><strong><em>suqiontar</em></strong></span> <span class='ocrx_word' id='word_1_695' title='bbox 1613 4163 1747 4213; x_wconf 85' lang='lat' dir='ltr'><strong><em>auctores.</em></strong></span> <span class='ocrx_word' id='word_1_696' title='bbox 1766 4156 1845 4223; x_wconf 79' lang='lat' dir='ltr'><strong><em>Quid</em></strong></span> <span class='ocrx_word' id='word_1_697' title='bbox 1860 4156 1926 4213; x_wconf 81' lang='lat' dir='ltr'><strong><em>onias</em></strong></span> 
     </span>
     <span class='ocr_line' id='line_1_83' title="bbox 1103 4244 1930 4321; baseline -0.011 -12"><span class='ocrx_word' id='word_1_698' title='bbox 1103 4252 1231 4309; x_wconf 89' lang='lat' dir='ltr'><strong><em>acerbius</em></strong></span> <span class='ocrx_word' id='word_1_699' title='bbox 1245 4252 1277 4306; x_wconf 91' lang='lat' dir='ltr'><strong><em>in</em></strong></span> <span class='ocrx_word' id='word_1_700' title='bbox 1295 4248 1650 4321; x_wconf 63' lang='lat' dir='ltr'><strong><em>Deamfinqerepotaarunu</em></strong></span> <span class='ocrx_word' id='word_1_701' title='bbox 1665 4260 1812 4318; x_wconf 80' lang='lat' dir='ltr'><strong><em>quamnam</em></strong></span> <span class='ocrx_word' id='word_1_702' title='bbox 1827 4244 1930 4318; x_wconf 72' lang='lat' dir='ltr'><strong><em>adjuto</em></strong></span> 
     </span>
     <span class='ocr_line' id='line_1_84' title="bbox 1104 4334 1930 4408; baseline -0.008 -11"><span class='ocrx_word' id='word_1_703' title='bbox 1104 4341 1250 4397; x_wconf 85' lang='lat' dir='ltr'><strong><em>rindioina</em></strong></span> <span class='ocrx_word' id='word_1_704' title='bbox 1264 4344 1409 4404; x_wconf 88' lang='lat' dir='ltr'><strong><em>cassarent,</em></strong></span> <span class='ocrx_word' id='word_1_705' title='bbox 1420 4351 1584 4408; x_wconf 89' lang='lat' dir='ltr'><strong><em>causamque</em></strong></span> <span class='ocrx_word' id='word_1_706' title='bbox 1594 4334 1930 4408; x_wconf 79' lang='lat' dir='ltr'><strong><em>quotidianarprsoatiosis</em></strong></span> 
     </span>
     <span class='ocr_line' id='line_1_85' title="bbox 1103 4421 1930 4503; baseline -0.012 -15"><span class='ocrx_word' id='word_1_707' title='bbox 1103 4429 1267 4503; x_wconf 72' lang='lat' dir='ltr'><strong><em>auferrent?</em></strong></span> <span class='ocrx_word' id='word_1_708' title='bbox 1282 4429 1373 4484; x_wconf 83' lang='lat' dir='ltr'><strong><em>Hacest</em></strong></span> <span class='ocrx_word' id='word_1_709' title='bbox 1388 4426 1488 4490; x_wconf 88' lang='lat' dir='ltr'><strong><em>dicere,</em></strong></span> <span class='ocrx_word' id='word_1_710' title='bbox 1500 4423 1571 4491; x_wconf 78' lang='lat' dir='ltr'><strong><em>Ouid</em></strong></span> <span class='ocrx_word' id='word_1_711' title='bbox 1580 4422 1653 4479; x_wconf 88' lang='lat' dir='ltr'><strong><em>mibi</em></strong></span> <span class='ocrx_word' id='word_1_712' title='bbox 1662 4438 1727 4496; x_wconf 90' lang='lat' dir='ltr'><strong><em>opus</em></strong></span> <span class='ocrx_word' id='word_1_713' title='bbox 1741 4430 1781 4480; x_wconf 83' lang='lat' dir='ltr'><strong><em>est</em></strong></span> <span class='ocrx_word' id='word_1_714' title='bbox 1797 4421 1930 4481; x_wconf 62' lang='lat' dir='ltr'><strong><em>Deoida</em></strong></span> 
     </span>
     <span class='ocr_line' id='line_1_86' title="bbox 1103 4511 1928 4588; baseline -0.007 -13"><span class='ocrx_word' id='word_1_715' title='bbox 1103 4521 1159 4575; x_wconf 88' lang='lat' dir='ltr'><strong><em>rito</em></strong></span> <span class='ocrx_word' id='word_1_716' title='bbox 1172 4519 1202 4575; x_wconf 87' lang='lat' dir='ltr'><strong><em>in</em></strong></span> <span class='ocrx_word' id='word_1_717' title='bbox 1213 4518 1258 4574; x_wconf 87' lang='lat' dir='ltr'><strong><em>bos</em></strong></span> <span class='ocrx_word' id='word_1_718' title='bbox 1269 4517 1342 4573; x_wconf 87' lang='lat' dir='ltr'><strong><em>dicat</em></strong></span> <span class='ocrx_word' id='word_1_719' title='bbox 1357 4512 1576 4588; x_wconf 81' lang='lat' dir='ltr'><strong><em>iiqmnidicus:r</em></strong></span> <span class='ocrx_word' id='word_1_720' title='bbox 1590 4513 1658 4569; x_wconf 71' lang='lat' dir='ltr'><strong><em>bisce</em></strong></span> <span class='ocrx_word' id='word_1_721' title='bbox 1673 4511 1804 4579; x_wconf 81' lang='lat' dir='ltr'><strong><em>nomines,</em></strong></span> <span class='ocrx_word' id='word_1_722' title='bbox 1820 4512 1872 4587; x_wconf 88' lang='lat' dir='ltr'><strong><em>qui</em></strong></span> <span class='ocrx_word' id='word_1_723' title='bbox 1882 4527 1928 4569; x_wconf 86' lang='lat' dir='ltr'><strong><em>nou</em></strong></span> 
     </span>
     <span class='ocr_line' id='line_1_87' title="bbox 1098 4600 1929 4683; baseline -0.008 -18"><span class='ocrx_word' id='word_1_724' title='bbox 1098 4615 1248 4683; x_wconf 87' lang='lat' dir='ltr'><strong><em>posuerunt</em></strong></span> <span class='ocrx_word' id='word_1_725' title='bbox 1264 4607 1350 4664; x_wconf 88' lang='lat' dir='ltr'><strong><em>Deum</em></strong></span> <span class='ocrx_word' id='word_1_726' title='bbox 1358 4605 1510 4677; x_wconf 81' lang='lat' dir='ltr'><strong><em>adjutorem</em></strong></span> <span class='ocrx_word' id='word_1_727' title='bbox 1520 4602 1576 4659; x_wconf 85' lang='lat' dir='ltr'><strong><em>sibi</em></strong></span> <span class='ocrx_word' id='word_1_728' title='bbox 1588 4623 1603 4657; x_wconf 82' lang='lat' dir='ltr'><strong><em>a</em></strong></span> <span class='ocrx_word' id='word_1_729' title='bbox 1618 4600 1752 4675; x_wconf 71' lang='lat' dir='ltr'><strong><em>(Probat,</em></strong></span> <span class='ocrx_word' id='word_1_730' title='bbox 1767 4600 1808 4671; x_wconf 80' lang='grc'><strong><em>9).</em></strong></span> <span class='ocrx_word' id='word_1_731' title='bbox 1826 4603 1929 4677; x_wconf 63' lang='lat' dir='ltr'><strong><em>Nepam</em></strong></span> 
     </span>
     <span class='ocr_line' id='line_1_88' title="bbox 1102 4691 1930 4770; baseline -0.008 -15"><span class='ocrx_word' id='word_1_732' title='bbox 1102 4706 1140 4756; x_wconf 92' lang='lat' dir='ltr'><strong><em>tes</em></strong></span> <span class='ocrx_word' id='word_1_733' title='bbox 1153 4715 1217 4770; x_wconf 84' lang='lat' dir='ltr'><strong><em>erqo</em></strong></span> <span class='ocrx_word' id='word_1_734' title='bbox 1229 4696 1368 4753; x_wconf 81' lang='lat' dir='ltr'><strong><em>auritium</em></strong></span> <span class='ocrx_word' id='word_1_735' title='bbox 1394 4694 1453 4761; x_wconf 82' lang='lat' dir='ltr'><strong><em>Dei,</em></strong></span> <span class='ocrx_word' id='word_1_736' title='bbox 1477 4692 1606 4765; x_wconf 88' lang='lat' dir='ltr'><strong><em>inquiant</em></strong></span> <span class='ocrx_word' id='word_1_737' title='bbox 1633 4691 1770 4747; x_wconf 86' lang='lat' dir='ltr'><strong><em>bominem</em></strong></span> <span class='ocrx_word' id='word_1_738' title='bbox 1783 4691 1842 4748; x_wconf 88' lang='lat' dir='ltr'><strong><em>sibi</em></strong></span> <span class='ocrx_word' id='word_1_739' title='bbox 1865 4706 1930 4766; x_wconf 70' lang='lat' dir='ltr'><strong><em>pons</em></strong></span> 
     </span>
     <span class='ocr_line' id='line_1_89' title="bbox 1101 4780 1929 4860; baseline -0.008 -15"><span class='ocrx_word' id='word_1_740' title='bbox 1101 4787 1234 4860; x_wconf 75' lang='lat' dir='ltr'><strong><em>suspirare,</em></strong></span> <span class='ocrx_word' id='word_1_741' title='bbox 1249 4803 1296 4842; x_wconf 87' lang='lat' dir='ltr'><strong><em>nco</em></strong></span> <span class='ocrx_word' id='word_1_742' title='bbox 1307 4784 1400 4857; x_wconf 88' lang='lat' dir='ltr'><strong><em>qratia</em></strong></span> <span class='ocrx_word' id='word_1_743' title='bbox 1409 4783 1479 4840; x_wconf 86' lang='lat' dir='ltr'><strong><em>buno</em></strong></span> <span class='ocrx_word' id='word_1_744' title='bbox 1488 4780 1673 4854; x_wconf 83' lang='lat' dir='ltr'><strong><em>sqersdtoino,</em></strong></span> <span class='ocrx_word' id='word_1_745' title='bbox 1681 4796 1738 4854; x_wconf 89' lang='lat' dir='ltr'><strong><em>qao</em></strong></span> <span class='ocrx_word' id='word_1_746' title='bbox 1744 4781 1929 4854; x_wconf 80' lang='lat' dir='ltr'><strong><em>psiootasm·</em></strong></span> 
     </span>
     <span class='ocr_line' id='line_1_90' title="bbox 1100 4870 1929 4946; baseline -0.006 -12"><span class='ocrx_word' id='word_1_747' title='bbox 1100 4893 1169 4934; x_wconf 90' lang='lat' dir='ltr'><strong><em>cesse</em></strong></span> <span class='ocrx_word' id='word_1_748' title='bbox 1177 4882 1219 4932; x_wconf 83' lang='lat' dir='ltr'><strong><em>cst</em></strong></span> <span class='ocrx_word' id='word_1_749' title='bbox 1232 4873 1335 4931; x_wconf 88' lang='lat' dir='ltr'><strong><em>diaboii</em></strong></span> <span class='ocrx_word' id='word_1_750' title='bbox 1344 4873 1446 4946; x_wconf 87' lang='lat' dir='ltr'><strong><em>toqueis</em></strong></span> <span class='ocrx_word' id='word_1_751' title='bbox 1460 4872 1587 4927; x_wconf 89' lang='lat' dir='ltr'><strong><em>irretitus</em></strong></span> <span class='ocrx_word' id='word_1_752' title='bbox 1597 4870 1817 4936; x_wconf 83' lang='lat' dir='ltr'><strong><em>occumbat.dssm</em></strong></span> <span class='ocrx_word' id='word_1_753' title='bbox 1830 4871 1869 4929; x_wconf 91' lang='lat' dir='ltr'><strong><em>ad</em></strong></span> <span class='ocrx_word' id='word_1_754' title='bbox 1880 4888 1929 4928; x_wconf 84' lang='lat' dir='ltr'><strong><em>oss·</em></strong></span> 
     </span>
     <span class='ocr_line' id='line_1_91' title="bbox 1101 4958 1928 5037; baseline -0.01 -15"><span class='ocrx_word' id='word_1_755' title='bbox 1101 4966 1150 5023; x_wconf 91' lang='lat' dir='ltr'><strong><em>nio</em></strong></span> <span class='ocrx_word' id='word_1_756' title='bbox 1162 4958 1539 5037; x_wconf 70' lang='lat' dir='ltr'><strong><em>oitaeperficiendamondata</em></strong></span> <span class='ocrx_word' id='word_1_757' title='bbox 1545 4958 1602 5016; x_wconf 84' lang='lat' dir='ltr'><strong><em>sota</em></strong></span> <span class='ocrx_word' id='word_1_758' title='bbox 1610 4958 1798 5016; x_wconf 89' lang='lat' dir='ltr'><strong><em>tantummodo</em></strong></span> <span class='ocrx_word' id='word_1_759' title='bbox 1804 4960 1928 5017; x_wconf 75' lang='lat' dir='ltr'><strong><em>tubertate</em></strong></span> 
     </span>
     <span class='ocr_line' id='line_1_92' title="bbox 1100 5048 1930 5125; baseline -0.013 -11"><span class='ocrx_word' id='word_1_760' title='bbox 1100 5053 1251 5114; x_wconf 86' lang='lat' dir='ltr'><strong><em>contendat.</em></strong></span> <span class='ocrx_word' id='word_1_761' title='bbox 1260 5050 1512 5125; x_wconf 89' lang='lat' dir='ltr'><strong><em>Oprooissimarum</em></strong></span> <span class='ocrx_word' id='word_1_762' title='bbox 1517 5048 1930 5120; x_wconf 81' lang='lat' dir='ltr'><strong><em>mentiunperosrsadoctrs&#39;nat</em></strong></span> 
     </span>
    </p>
   </div>
   <div class='ocr_carea' id='block_1_17' title="bbox 1097 5193 1929 5758">
    <p class='ocr_par' dir='ltr' id='par_1_19' title="bbox 1131 5193 1535 5253">
     <span class='ocr_line' id='line_1_93' title="bbox 1131 5193 1535 5253; baseline -0.022 -5"><span class='ocrx_word' id='word_1_763' title='bbox 1131 5199 1139 5232; x_wconf 81' lang='lat'><strong>¹</strong></span> <span class='ocrx_word' id='word_1_764' title='bbox 1155 5196 1207 5250; x_wconf 81' lang='lat' dir='ltr'><strong><em>Ms.</em></strong></span> <span class='ocrx_word' id='word_1_765' title='bbox 1229 5194 1325 5253; x_wconf 84' lang='lat' dir='ltr'><strong><em>Votis..</em></strong></span> <span class='ocrx_word' id='word_1_766' title='bbox 1341 5193 1535 5245; x_wconf 83' lang='lat' dir='ltr'><strong><em>uniuersorum.</em></strong></span> 
     </span>
    </p>

    <p class='ocr_par' dir='ltr' id='par_1_20' title="bbox 1097 5252 1929 5758">
     <span class='ocr_line' id='line_1_94' title="bbox 1131 5252 1929 5334; baseline -0.005 -25"><span class='ocrx_word' id='word_1_767' title='bbox 1131 5258 1238 5334; x_wconf 57' lang='lat' dir='ltr'><strong><em>’batia</em></strong></span> <span class='ocrx_word' id='word_1_768' title='bbox 1254 5258 1316 5308; x_wconf 80' lang='lat' dir='ltr'><strong><em>Mas.</em></strong></span> <span class='ocrx_word' id='word_1_769' title='bbox 1334 5255 1407 5308; x_wconf 86' lang='lat' dir='ltr'><strong><em>duo:</em></strong></span> <span class='ocrx_word' id='word_1_770' title='bbox 1424 5254 1466 5305; x_wconf 78' lang='lat' dir='ltr'><strong><em>Ea</em></strong></span> <span class='ocrx_word' id='word_1_771' title='bbox 1496 5252 1648 5304; x_wconf 75' lang='lat' dir='ltr'><strong><em>Miteoitasso</em></strong></span> <span class='ocrx_word' id='word_1_772' title='bbox 1665 5254 1929 5305; x_wconf 80' lang='lat' dir='ltr'><strong><em>nostraauctoritate</em></strong></span> 
     </span>
     <span class='ocr_line' id='line_1_95' title="bbox 1099 5322 1927 5440; baseline -0.006 -6"><span class='ocrx_word' id='word_1_773' title='bbox 1099 5322 1215 5435; x_wconf 49' lang='lat' dir='ltr'><strong><em>cwig:</em></strong></span> <span class='ocrx_word' id='word_1_774' title='bbox 1231 5381 1316 5432; x_wconf 84' lang='lat' dir='ltr'><strong><em>Vatio.</em></strong></span> <span class='ocrx_word' id='word_1_775' title='bbox 1333 5385 1359 5431; x_wconf 90' lang='lat' dir='ltr'><strong><em>ot</em></strong></span> <span class='ocrx_word' id='word_1_776' title='bbox 1376 5379 1474 5434; x_wconf 88' lang='lat' dir='ltr'><strong><em>concil.</em></strong></span> <span class='ocrx_word' id='word_1_777' title='bbox 1492 5376 1570 5436; x_wconf 70' lang='lat' dir='ltr'><strong><em>Edd„</em></strong></span> <span class='ocrx_word' id='word_1_778' title='bbox 1579 5374 1658 5440; x_wconf 82' lang='lat' dir='ltr'><strong><em>piena</em></strong></span> <span class='ocrx_word' id='word_1_779' title='bbox 1672 5378 1876 5429; x_wconf 65' lang='lat' dir='ltr'><strong><em>mundationis</em></strong></span> <span class='ocrx_word' id='word_1_780' title='bbox 1888 5392 1927 5429; x_wconf 75' lang='lat' dir='ltr'><strong><em>sn</em></strong></span> 
     </span>
     <span class='ocr_line' id='line_1_96' title="bbox 1099 5440 1925 5516; baseline -0.01 -19"><span class='ocrx_word' id='word_1_781' title='bbox 1099 5448 1193 5497; x_wconf 90' lang='lat' dir='ltr'><strong><em>tuntas.</em></strong></span> <span class='ocrx_word' id='word_1_782' title='bbox 1208 5444 1271 5496; x_wconf 77' lang='lat' dir='ltr'><strong><em>aad.</em></strong></span> <span class='ocrx_word' id='word_1_783' title='bbox 1288 5446 1346 5516; x_wconf 73' lang='lat' dir='ltr'><strong><em>Am.</em></strong></span> <span class='ocrx_word' id='word_1_784' title='bbox 1360 5444 1403 5494; x_wconf 81' lang='lat' dir='ltr'><strong><em>Er.</em></strong></span> <span class='ocrx_word' id='word_1_785' title='bbox 1417 5446 1442 5494; x_wconf 89' lang='lat' dir='ltr'><strong><em>st</em></strong></span> <span class='ocrx_word' id='word_1_786' title='bbox 1456 5443 1533 5498; x_wconf 83' lang='lat' dir='ltr'><strong><em>Lov..</em></strong></span> <span class='ocrx_word' id='word_1_787' title='bbox 1547 5440 1626 5503; x_wconf 84' lang='lat' dir='ltr'><strong><em>pisssa</em></strong></span> <span class='ocrx_word' id='word_1_788' title='bbox 1639 5440 1793 5492; x_wconf 75' lang='lat' dir='ltr'><strong><em>massano.</em></strong></span> <span class='ocrx_word' id='word_1_789' title='bbox 1810 5440 1925 5493; x_wconf 79' lang='lat' dir='ltr'><strong><em>Nonnuti</em></strong></span> 
     </span>
     <span class='ocr_line' id='line_1_97' title="bbox 1099 5507 1926 5622; baseline -0.006 0"><span class='ocrx_word' id='word_1_790' title='bbox 1099 5507 1385 5622; x_wconf 42' lang='lat' dir='ltr'><strong><em>chs&#39;iocggaifftffid.</em></strong></span> <span class='ocrx_word' id='word_1_791' title='bbox 1399 5569 1432 5617; x_wconf 77' lang='lat' dir='ltr'><strong><em>st</em></strong></span> <span class='ocrx_word' id='word_1_792' title='bbox 1444 5579 1517 5617; x_wconf 90' lang='lat' dir='ltr'><strong><em>unns</em></strong></span> <span class='ocrx_word' id='word_1_793' title='bbox 1530 5564 1639 5617; x_wconf 79' lang='lat' dir='ltr'><strong><em>ovatio.</em></strong></span> <span class='ocrx_word' id='word_1_794' title='bbox 1656 5562 1724 5619; x_wconf 78' lang='lat' dir='ltr'><strong><em>ttss.</em></strong></span> <span class='ocrx_word' id='word_1_795' title='bbox 1743 5563 1826 5618; x_wconf 78' lang='lat' dir='ltr'><strong><em>habat</em></strong></span> <span class='ocrx_word' id='word_1_796' title='bbox 1840 5580 1848 5617; x_wconf 73' lang='grc' dir='ltr'><strong><em>ε</em></strong></span> <span class='ocrx_word' id='word_1_797' title='bbox 1864 5564 1926 5617; x_wconf 75' lang='lat' dir='ltr'><strong><em>Oue-</em></strong></span> 
     </span>
     <span class='ocr_line' id='line_1_98' title="bbox 1097 5626 1925 5695; baseline -0.005 -11"><span class='ocrx_word' id='word_1_798' title='bbox 1097 5633 1138 5684; x_wconf 88' lang='lat' dir='ltr'><strong><em>ris</em></strong></span> <span class='ocrx_word' id='word_1_799' title='bbox 1154 5648 1261 5694; x_wconf 87' lang='lat' dir='ltr'><strong><em>arcana,</em></strong></span> <span class='ocrx_word' id='word_1_800' title='bbox 1278 5632 1374 5690; x_wconf 66' lang='lat' dir='ltr'><strong><em>annm,</em></strong></span> <span class='ocrx_word' id='word_1_801' title='bbox 1401 5630 1518 5695; x_wconf 87' lang='lat' dir='ltr'><strong><em>inquam,</em></strong></span> <span class='ocrx_word' id='word_1_802' title='bbox 1540 5630 1591 5680; x_wconf 82' lang='lat' dir='ltr'><strong><em>stc.</em></strong></span> <span class='ocrx_word' id='word_1_803' title='bbox 1615 5626 1689 5679; x_wconf 73' lang='lat' dir='ltr'><strong><em>Alter</em></strong></span> <span class='ocrx_word' id='word_1_804' title='bbox 1709 5626 1807 5688; x_wconf 79' lang='lat' dir='ltr'><strong><em>Vatia..</em></strong></span> <span class='ocrx_word' id='word_1_805' title='bbox 1821 5627 1925 5680; x_wconf 62' lang='lat' dir='ltr'><strong><em>maru</em></strong></span> 
     </span>
     <span class='ocr_line' id='line_1_99' title="bbox 1097 5689 1817 5758; baseline -0.004 -10"><span class='ocrx_word' id='word_1_806' title='bbox 1097 5696 1209 5748; x_wconf 86' lang='lat' dir='ltr'><strong><em>arcanis.</em></strong></span> <span class='ocrx_word' id='word_1_807' title='bbox 1222 5696 1264 5748; x_wconf 76' lang='lat' dir='ltr'><strong><em>Fa.</em></strong></span> <span class='ocrx_word' id='word_1_808' title='bbox 1281 5697 1308 5746; x_wconf 87' lang='lat' dir='ltr'><strong><em>st</em></strong></span> <span class='ocrx_word' id='word_1_809' title='bbox 1323 5693 1398 5752; x_wconf 72' lang='lat' dir='ltr'><strong><em>Lon,</em></strong></span> <span class='ocrx_word' id='word_1_810' title='bbox 1417 5691 1558 5758; x_wconf 83' lang='lat' dir='ltr'><strong><em>apostatico</em></strong></span> <span class='ocrx_word' id='word_1_811' title='bbox 1571 5689 1817 5745; x_wconf 66' lang='lat' dir='ltr'><strong><em>massmanni</em></strong></span> 
     </span>
    </p>
   </div>
   <div class='ocr_carea' id='block_1_18' title="bbox 0 0 1980 6128">
    <p class='ocr_par' dir='ltr' id='par_1_21' title="bbox 0 0 1980 6128">
     <span class='ocr_line' id='line_1_100' title="bbox 0 0 1980 6128; baseline 0 2"><span class='ocrx_word' id='word_1_812' title='bbox 0 0 1980 6128; x_wconf 95' lang='lat' dir='ltr'><strong><em> </em></strong></span> 
     </span>
    </p>
   </div>
  </div>
 </body>
</html>
