3952 6128
62 254 646 331 AudientSatyricumsuum,garriendo
660 257 898 315 veredieentem:

131 344 255 397 Servabat
267 349 350 397 castas
362 345 464 397 bumllls
477 345 577 396 fortune
592 346 680 396 latinas

128 408 270 468 Quondam,
280 409 399 459 servitiis
406 410 511 469 contingi
528 423 603 471 parve
613 409 712 459 sinebat

127 470 203 521 Tecta
218 471 298 529 labor,
316 471 448 535 somnique
462 471 561 525 breves.
571 479 594 520 et
608 472 698 521 vellere
707 472 804 522 Thosoo

130 532 235 585 vassas
249 534 370 599 dumque
386 548 485 587 manus,
502 547 530 584 ac
543 535 670 597 proximus
684 534 742 584 Urbi

126 596 249 655 Annibal,
265 600 291 646 et
306 606 400 646 stantes
416 595 515 646 Collina
532 597 557 646 in
577 606 642 646 turre
655 598 748 647 mariti.

127 656 198 708 Nunc
213 659 405 732 patimurloagm
417 658 485 722 paris
499 660 564 708 mala
580 676 585 711 :
604 661 692 709 savior
703 660 780 709 armis

125 721 242 772 Laruas
252 720 377 777 incubuit,
385 723 529 795 victumque
537 722 664 772 ulciscitur
676 722 770 773 orbern.

126 783 233 835 ilallurn
247 784 340 834 crimen
355 784 435 839 abest.
448 784 589 850 lsauusquc
604 783 723 842 libidinis,
738 799 768 835 ex
784 799 833 849 quo

128 846 267 911 Paupertas
282 848 392 897 Romane
402 848 476 912 perlt.

613 909 770 971 (luvenalis,
780 909 841 963 Sat.
854 911 896 968 6.)

2 1030 4 1039 .
60 987 225 1062 Quidsrgo
254 994 409 1062 exspectas
436 993 469 1046 ut
492 1004 549 1059 ego
571 1006 762 1059 exaggerem,
782 994 896 1063 quanta

2 1108 4 1155 ᾗ
60 1077 146 1135 mala
158 1076 366 1150 importaverit
376 1094 518 1134 antecessu
527 1094 671 1151 prospero
688 1079 832 1152 iniquitas
843 1095 895 1133 su-

60 1168 183 1225 blevata
198 1186 206 1238 ;
221 1167 469 1241 quandoquidem
483 1172 510 1224 et
519 1168 585 1240 ipsi,
597 1169 649 1241 qui
656 1168 811 1241 aliquanto
823 1185 896 1241 pru·

3 1318 5 1323 ,
59 1256 389 1323 dentiussttenderunt,
406 1257 473 1329 plus
488 1256 653 1313 dolendum
669 1259 806 1314 viderunt
820 1274 895 1332 pau·

60 1350 221 1417 pertatem,
242 1361 336 1418 quiam
349 1346 536 1419 opulentiam
560 1347 683 1418 periisse
700 1349 894 1405 itomanam?

60 1433 531 1505 lnillaenimmorumintegritas
543 1435 737 1505 servabatur3
755 1439 893 1509 perhanc

60 1528 165 1580 autem
180 1538 240 1580 non
262 1525 475 1591 murosurbis,
497 1528 551 1580 sed
573 1532 688 1582 mentes
708 1526 805 1598 ipsius
820 1527 892 1583 civi-

60 1612 131 1668 tatis
150 1612 217 1669 dira
230 1613 460 1685 nequitiaomni
479 1614 563 1670 hoste
581 1615 664 1685 pejor
673 1616 790 1687 irrupit.

5 1762 7 1769 ,
94 1702 143 1757 tr.
159 1703 276 1759 Gratias
296 1701 424 1759 Domino
451 1704 509 1758 ileo
524 1708 636 1769 nostro,
651 1706 701 1775 qiri
717 1709 822 1761 eontra
836 1705 892 1761 isla

5 1824 7 1845 .
58 1789 142 1847 mala
151 1791 233 1847 misit
245 1790 334 1847 nobis
349 1790 533 1861 adjutorium
554 1792 715 1861 singulare.
732 1795 796 1858 Ouo
811 1795 890 1850 enim

5 1860 12 1933 ἶ·
59 1878 256 1947 nontolleret,
272 1895 363 1952 quem
379 1895 438 1936 non
451 1880 621 1946 involveret,
638 1882 668 1937 in
679 1882 891 1954 quodprolun·

57 1966 135 2024 dum
148 1968 517 2031 nondemergeretlluvius
526 1970 741 2027 istehorrenue
752 1973 891 2045 neqrritiae

59 2057 179 2129 generis
198 2057 336 2124 humani,
352 2058 408 2113 nisi
424 2074 495 2113 erun
512 2058 621 2115 Christi
648 2061 678 2115 in
709 2066 791 2118 tanta
811 2062 889 2118 velut

57 2146 139 2203 mole
152 2147 524 2204 auetoritatiseminentius
537 2148 712 2219 liuniusqne
730 2150 889 2216 ligaretur3

57 2235 599 2308 cujusapprehensorobore,stabiles
609 2252 754 2297 essemus.
763 2253 800 2293 ne
813 2238 890 2294 male

58 2324 265 2387 suadentium,
279 2325 326 2381 vel
340 2326 369 2380 in
392 2324 471 2380 mala
485 2325 711 2396 impellentium,
729 2331 789 2382 tam
805 2332 890 2384 vasto

8 2440 11 2485 ς
57 2413 266 2485 mundihujus
282 2414 398 2484 gurgite
425 2414 539 2485 abrepti
551 2415 742 2471 sorberemur
760 2414 818 2472 ‘lln
835 2417 890 2472 ista

8 2496 13 2579 ἱ,
56 2504 139 2559 enim
154 2502 284 2559 colluvie
298 2519 417 2559 morum
430 2506 631 2575 pessimorum
647 2509 674 2560 et
695 2505 802 2561 veteris
826 2522 892 2578 per-

8 2584 10 2591 ’
56 2592 312 2665 ditsedisciplinoe,
328 2594 458 2649 maxime
465 2593 564 2649 venire
575 2610 609 2649 ac
621 2596 779 2651 subvenire
789 2596 893 2652 debuit

57 2682 440 2756 coelestisauctoritas,quoe
451 2683 652 2740 voluntariam
674 2691 891 2757 paupertatem,

56 2772 362 2847 qusecontinentiam,
379 2771 630 2842 benevolentiam,
636 2774 791 2844 justitiam,
801 2780 891 2847 atqire

56 2861 263 2927 concordiam,
283 2877 446 2935 veramque
461 2861 601 2933 pietatem
618 2864 821 2933 persuaderet,
834 2881 890 2921 ea·

56 2958 197 3025 laresque
210 2950 277 3007 vitae
292 2950 458 3008 luminosas
473 2947 650 3023 validasque
666 2952 788 3009 virtutes
805 2972 811 3020 ;
830 2969 891 3010 non

56 3045 176 3097 tantum
195 3045 316 3113 propter
336 3041 422 3096 istam
447 3039 539 3095 vitam
560 3039 772 3098 honestissime
788 3057 891 3112 geren·

56 3128 141 3195 dam,
165 3144 223 3185 neo
243 3134 361 3185 mutum
383 3134 505 3201 propter
529 3130 654 3186 civitatis
679 3135 800 3188 terrenas
821 3147 891 3187 con-

55 3216 269 3275 cordissimam
298 3219 500 3287 societatem;
527 3219 746 3278 verumetiam
770 3226 891 3292 propter

55 3306 289 3380 adipiscendam
304 3308 516 3378 sempiternam
530 3309 668 3374 salutem,
685 3314 714 3365 et
734 3310 889 3381 sempiter-

55 3397 85 3453 ni
98 3395 262 3469 cujusdam
275 3395 377 3468 populi
393 3398 543 3455 ooeleslern
561 3399 756 3469 divinamque
771 3414 891 3471 rempu-

55 3485 235 3553 blicam,eul
245 3502 302 3543 nos
312 3487 392 3543 cives
400 3489 634 3553 adsciscitlides,
650 3489 864 3562 spes,ebaritos
881 3506 888 3546 ε

56 3574 251 3649 utquamdiu
281 3576 349 3631 inda
370 3580 607 3649 peregrinamur,
630 3578 760 3634 ieramus
789 3595 841 3635 eos
866 3579 889 3634 si

54 3666 206 3737 corrigere
220 3680 282 3721 non
297 3665 442 3731 valemus,
459 3669 511 3739 qui
523 3668 599 3723 vitiis
614 3668 768 3738 impunitis
784 3668 890 3725 volirnt

54 3759 134 3811 stara
144 3752 378 3825 rempublicam,
394 3771 486 3828 queam
503 3757 890 3826 primiltomanicoustitue-

54 3849 125 3901 runt
137 3849 349 3917 auxeruntque
373 3845 542 3916 virtutibus,
572 3848 624 3901 etsi
654 3861 715 3901 non
743 3845 888 3902 habentes

55 3932 391 4004 rarampietatemerga
412 3934 505 3990 Deum
521 3951 634 4001 versem,
645 3934 786 4007 quaillos
797 3936 886 3990 etiarn

53 4020 83 4078 in
96 4026 244 4079 aeternam
257 4020 408 4078 civitatem
425 4029 527 4095 posset
540 4024 652 4080 salubri
669 4024 811 4093 religione
824 4040 887 4096 per·

53 4111 165 4168 ducere
182 4112 398 4177 ;custodlsntes
408 4119 510 4169 tamen
528 4114 696 4186 quamdam
711 4114 756 4168 sui
770 4114 887 4184 generis

55 4200 248 4273 probitatem,
264 4216 332 4272 quae
344 4207 445 4272 posset
457 4208 579 4258 terrenae
587 4203 698 4258 civitati
707 4204 887 4259 constituen-

54 4288 699 4363 doe,augendaeconsorvandaequesufficere.
716 4295 791 4347 ilaus
805 4294 884 4348 enim

55 4379 97 4435 sic
110 4378 283 4435 ostenditin
303 4378 533 4450 opulentissimo
545 4386 573 4435 et
590 4380 732 4451 praeclaro
761 4381 885 4453 imperio

53 4466 273 4533 Romanorum,
293 4472 442 4539 quantum
457 4469 698 4525 valerenteiviles
711 4470 803 4525 etiam
823 4473 886 4527 sine

55 4571 125 4613 rora
137 4554 283 4628 religione
294 4556 427 4623 virtutes,
441 4563 472 4614 nt
484 4557 697 4627 intelligeretur
711 4558 768 4613 hac
782 4558 886 4616 addita

55 4643 118 4702 lieri
132 4644 274 4701 homines
289 4645 369 4702 cives
384 4647 506 4703 alterius
521 4648 657 4712 civitatis,
672 4648 757 4718 eujus
771 4664 820 4703 rex
838 4664 885 4704 ve·

58 4735 138 4801 ritas,
153 4734 242 4805 eujus
256 4733 302 4790 lex
327 4735 468 4803 charitas,
484 4736 571 4808 cujus
600 4736 708 4792 modus
724 4738 883 4793 aeternitas.

91 4824 204 4880 CAPUT
213 4824 256 4879 lV.
265 4825 427 4890 —l8.0uis
438 4830 540 4880 eastern
556 4824 600 4880 vel
611 4824 670 4881 risu
686 4825 812 4895 dignum
825 4842 885 4882 non

60 4916 149 4984 putet,
167 4911 251 4985 quod
267 4912 457 4985 Apollonium
475 4919 503 4970 et
520 4914 687 4986 apuleium,
702 4920 885 4986 ceterosque

58 5001 247 5071 magicarum
262 5003 370 5058 artium
391 5002 588 5074 peritissimos
611 5003 744 5059 conterre
759 5004 883 5069 Christo,

58 5090 100 5147 vel
111 5091 203 5147 etiam
223 5090 362 5163 prolerre
375 5097 523 5148 conantur
534 5094 547 5150 i
558 5095 738 5163 Quanquam
750 5092 885 5150 tolerabi-

57 5178 113 5235 lius
127 5179 287 5237 lsrendum
308 5179 354 5247 sit,
371 5183 495 5254 qivando
510 5183 584 5237 istos
603 5183 629 5237 el
646 5182 743 5253 potius
764 5198 885 5254 eompu-

56 5273 121 5326 rant
134 5284 230 5340 quarn
246 5269 318 5325 deos
338 5286 408 5324 sinos
429 5286 435 5326 ε
458 5270 551 5326 millio
572 5270 782 5340 criminator,
804 5273 885 5344 quod

56 5357 212 5415 latendum
223 5363 276 5424 est,
291 5358 464 5430 Apollonius
476 5360 540 5428 luit,
553 5376 646 5432 quem
660 5366 701 5415 tot
714 5366 883 5433 stuprorum

55 5451 199 5504 auctorat
211 5453 406 5520 perpetrator.
417 5464 509 5521 quern
520 5450 624 5505 lovem
638 5451 805 5508 nominant.
816 5454 882 5519 lsta,

55 5534 207 5608 inquiunt,
228 5535 368 5593 fabulosa
382 5543 460 5593 sunt.
478 5538 582 5594 natiue
603 5554 673 5609 ergo
692 5539 814 5596 laudent
828 5542 884 5597 rei-

54 5625 184 5700 publicae
201 5624 398 5693 luxuriosam,
419 5627 616 5698 licentiosam,
631 5629 780 5701 planeque
796 5631 883 5687 sacri·

703 138 959 199 aristotelios
978 138 1123 197 classis
1142 138 1190 197 111.

1731 138 1786 201 ibt

952 255 1052 327 legam
1068 256 1248 323 felicitatem,
1257 272 1326 329 qua
1336 255 1393 315 ista
1403 254 1529 315 deorum
1542 256 1655 330 probra
1668 256 1783 315 conflu-

952 346 1003 412 xit,
1026 362 1095 419 quae
1109 362 1171 402 non
1189 347 1288 404 solum
1310 348 1340 402 iu
1362 345 1472 403 tabulis
1496 346 1648 404 audienda
1668 347 1781 420 posuit,

952 451 1057 491 verum
1073 436 1163 493 etiam
1178 436 1208 492 in
1224 436 1345 493 theatris
1360 436 1524 509 spectanda
1540 436 1696 509 proposuit
1709 453 1716 503 ;
1729 435 1782 493 ubi

953 524 1079 581 orirnina
1092 525 1177 597 plura
1197 531 1296 582 essent
1318 541 1411 598 quam
1428 526 1564 590 numina,
1582 541 1650 599 qua
1664 524 1723 598 ipsi
1739 523 1781 582 dii

952 613 1009 669 sibi
1022 613 1155 669 exhiberi
1171 614 1325 671 habebant
1340 614 1474 681 libenter,
1490 614 1585 688 quiin
1600 630 1672 671 suos
1688 612 1782 671 culto·

951 718 998 759 res
1016 703 1167 761 vindicare
1186 702 1364 772 debuerunt,
1378 704 1460 777 quod
1473 720 1509 761 ea
1528 703 1633 760 saltem
1648 703 1782 760 viderent

950 794 1106 866 patienter.
1122 793 1179 850 Sed
1195 808 1254 849 non
1269 792 1337 866 ipsi,
1352 793 1502 866 inquiunt,
1515 798 1593 861 sunt,
1607 792 1658 866 qui
1676 792 1780 850 talium

951 882 1120 940 tabularum
1141 881 1299 939 mendacio
1318 882 1515 939 celebrantur.
1541 882 1595 949 Qui
1616 898 1687 953 ergo
1711 883 1780 939 sunl

950 971 1007 1036 isti,
1024 971 1077 1044 quvi
1093 971 1197 1028 talium
1212 972 1430 1044 turpitudinum
1446 971 1645 1028 celebratione
1659 968 1781 1041 placan-

950 1061 1020 1117 tur‘l
1036 1060 1148 1116 llorum
1162 1059 1338 1117 daemonum
1350 1061 1575 1132 perversitatem
1591 1064 1680 1133 atque
1696 1058 1780 1116 lalla-

950 1150 1037 1213 eiam,
1058 1165 1111 1222 per
1124 1165 1201 1222 quos
1217 1154 1246 1205 et
1262 1150 1387 1218 magicas
1404 1155 1483 1206 artes
1498 1150 1649 1207 humanas
1664 1152 1780 1205 mentes

949 1239 1110 1311 decipiunt,
1127 1239 1199 1311 quia
1214 1239 1346 1311 prodidit
1359 1239 1525 1297 christiana
1545 1239 1690 1304 doctrina,
1707 1238 1780 1310 quia

949 1329 1063 1385 mundo
1078 1329 1218 1385 universo
1228 1329 1377 1401 patefecit,
1387 1330 1460 1403 quia
1470 1328 1598 1399 Angelos
1610 1332 1731 1384 sanctos
1742 1326 1780 1383 ab

949 1434 1053 1473 eorum
1068 1416 1253 1484 malignitate
1267 1417 1411 1485 distinxit,
1421 1419 1494 1492 quia
1506 1418 1656 1475 cavendos
1669 1417 1778 1489 potius,

948 1512 975 1563 et
991 1506 1251 1579 quemadmodum
1267 1513 1442 1565 caverentur
1454 1506 1622 1571 admonuit,
1638 1503 1779 1577 reipubli-

948 1611 987 1651 cae
1001 1596 1108 1651 elicitur
1127 1596 1268 1652 inimicat
1284 1597 1371 1668 quasi
1387 1612 1447 1653 non
1460 1595 1484 1651 si
1500 1596 1624 1652 omnino
1640 1610 1692 1667 per
1707 1594 1779 1650 istos

947 1684 1205 1757 essettemporalis
1214 1684 1380 1742 obtinenda
1389 1682 1779 1757 lelicilas,quoelibetpotius

947 1773 1043 1830 luerat
1067 1773 1222 1830 infelicitas
1241 1775 1388 1846 eligenda.
1410 1774 1468 1831 Sed
1487 1789 1584 1847 neque
1608 1772 1679 1829 hinc
1699 1772 1777 1828 Deus

948 1863 1040 1919 voluit
1050 1862 1251 1936 dubitari,qui
1264 1863 1394 1935 primum
1407 1862 1554 1935 populum
1566 1876 1660 1917 unum
1672 1876 1774 1916 verum

947 1952 1039 2006 hersin
1062 1950 1218 2011 colentem.
1234 1951 1306 2006 deos
1324 1958 1425 2008 autem
1443 1950 1620 2007 falsissimos
1643 1954 1776 2005 contem·

945 2040 1233 2113 nentem,quamdiu
1246 2041 1472 2113 oportuitl'etus
1482 2042 1715 2106 Testamentum,
1724 2036 1773 2093 ubi

945 2130 1148 2186 velamentum
1157 2131 1337 2186 testamenti
1349 2130 1420 2187 Novi
1434 2128 1681 2195 est,obumbrari,
1690 2130 1774 2184 tanta

944 2233 1043 2274 rerum
1064 2224 1247 2274 terrenarum
1270 2218 1406 2274 lelicltate
1426 2217 1604 2283 honestavit,
1626 2220 1658 2273 ut
1675 2215 1773 2289 quivis

946 2306 1090 2378 intelligat
1107 2323 1160 2363 nec
1175 2307 1272 2378 ipsam
1292 2323 1357 2363 esse
1374 2307 1404 2363 in
1420 2306 1595 2363 damonum
1615 2309 1771 2378 potestate,

945 2396 997 2452 sed
1021 2396 1053 2450 in
1073 2396 1151 2451 illius
1183 2396 1282 2462 unitis,
1312 2396 1359 2452 cui
1384 2396 1489 2467 Angeli
1511 2396 1655 2461 serviunt,
1679 2410 1771 2467 quem

945 2484 1099 2541 daemones
1114 2485 1357 2542 contremiseunt.

985 2579 1024 2631 19.
1042 2574 1184 2647 Apuleius
1199 2575 1290 2641 enim,
1308 2579 1339 2631 ut
1353 2574 1390 2630 de
1400 2574 1451 2631 illo
1466 2573 1654 2646 potissimum
1667 2572 1772 2647 loquu-

946 2680 1023 2727 mur,
1039 2665 1090 2736 qui
1106 2664 1193 2721 nobis
1208 2664 1283 2720 liris
1299 2663 1365 2721 ltler
1381 2668 1426 2721 eet
1445 2663 1551 2728 notior,
1568 2678 1630 2720 non
1648 2663 1715 2720 dico
1735 2660 1773 2719 ad

944 2769 1080 2823 regnum,
1097 2753 1149 2809 sed
1172 2769 1209 2809 ne
1230 2753 1268 2809 ad
1291 2752 1424 2825 aliquam
1447 2752 1569 2825 quidem
1582 2751 1774 2823 judiciariam

945 2840 1116 2913 reipublicae
1132 2846 1307 2913 potestatem
1325 2856 1395 2897 cum
1412 2841 1555 2897 omnibus
1574 2841 1637 2896 suis
1651 2839 1775 2909 magicis

944 2929 1058 2986 artibus
1071 2932 1166 3003 poluit
1183 2932 1350 3002 pervenire,
1365 2931 1495 3005 honesto
1510 2931 1613 3002 patriae
1629 2946 1691 2986 suae
1708 2929 1774 2985 loeo

945 3025 1042 3086 natus,
1056 3024 1085 3075 et
1100 3019 1258 3077 liberaliter
1270 3019 1426 3087 educatus,
1444 3034 1615 3091 magnaque
1630 3018 1773 3091 praeditus

944 3108 1125 3181 eloquentia.
1140 3114 1184 3165 tn
1197 3108 1272 3165 forte
1288 3109 1354 3175 ista,
1368 3115 1398 3164 ut
1409 3107 1615 3180 philosophus,
1625 3107 1774 3164 voluntate

943 3198 1195 3271 contempsit,qui
1204 3198 1710 3270 sacerdosprovineiae,promagno
1721 3196 1776 3252 luit

944 3290 976 3343 ut
995 3304 1121 3344 misnera
1135 3288 1245 3357 ederet,
1264 3288 1507 3359 venatoresque¹
1526 3286 1654 3352 vestiret,
1674 3289 1703 3342 et
1718 3300 1774 3359 pro

943 3381 1043 3433 statua
1056 3378 1113 3433 sibi
1126 3377 1208 3448 apud
1220 3380 1369 3435 Coenses¹
1382 3376 1522 3442 locanda,
1534 3392 1571 3432 ex
1581 3391 1642 3448 qna
1655 3374 1773 3432 civitate

942 3464 1074 3523 habebat
1093 3483 1228 3531 uxorem,
1245 3468 1388 3523 adversus
1408 3464 1675 3522 contradictionem
1697 3479 1775 3538 quo·

942 3556 1082 3612 rumdam
1092 3557 1202 3612 civium
1214 3556 1360 3626 litigaret?
1372 3556 1453 3627 quod
1466 3560 1600 3627 posteros
1613 3554 1772 3621 nelatersl,

941 3644 1080 3716 ejusdam
1095 3643 1153 3700 litis
1175 3646 1340 3702 orationem
1360 3645 1501 3716 scriptam
1525 3644 1676 3700 memorias
1692 3659 1774 3699 com·

943 3734 1104 3789 mondavit.
1120 3735 1205 3798 Orroei
1225 3750 1296 3804 ergo
1318 3734 1357 3789 ad
1377 3733 1466 3789 islam
1482 3737 1631 3788 terrenam
1646 3733 1774 3804 pertinet

942 3820 1773 3895 felicitatem,luitmagusillequodpotuit³.Undeappa·

941 3915 985 3967 ret
998 3927 1067 3967 erim
1084 3911 1157 3967 nihil
1172 3911 1301 3983 amplius
1317 3910 1416 3978 luisse,
1431 3926 1493 3966 non
1507 3909 1580 3982 quia
1598 3909 1703 3975 noluit,
1719 3907 1773 3965 sed

941 4000 1012 4071 quia
1026 4016 1086 4056 non
1100 4000 1205 4073 potuit.
1214 4002 1395 4073 Quanquam
1407 4004 1435 4055 et
1447 3999 1593 4055 adversus
1607 3997 1772 4071 quosdam,

941 4090 992 4162 qui
1005 4090 1031 4146 ei
1046 4090 1232 4160 magicarum
1250 4090 1361 4146 artium
1375 4089 1488 4145 crimen
1501 4088 1701 4153 intenderant,
1714 4086 1774 4144 elo·

941 4179 1136 4251 quentissime
1154 4193 1184 4235 se
1209 4179 1352 4235 deiendit.
1376 4177 1459 4234 Unde
1481 4177 1572 4234 miror
1600 4175 1773 4233 laudatores

940 4267 1017 4338 eius,
1032 4268 1166 4339 quicum
1180 4268 1362 4340 nescioquas
1376 4265 1483 4323 iecisse
1498 4265 1645 4322 miracula
1657 4264 1714 4321 illis
1726 4280 1773 4322 ar·

941 4354 1772 4428 libuspradicantcontraejusdefensionemlestesesse

940 4447 1053 4502 conari.
1071 4448 1128 4503 Sed
1144 4446 1272 4502 viderint
1288 4451 1388 4501 istrum
1404 4460 1507 4500 verum
1523 4443 1579 4515 ipsi
1594 4441 1771 4514 perhibeant

941 4535 1153 4601 testiinonium,
1170 4540 1199 4590 et
1217 4535 1264 4590 ille
1285 4534 1392 4590 lalsam
1414 4531 1629 4588 detonsionem.
1647 4529 1722 4585 lllud
1745 4530 1771 4586 si

940 4623 1070 4695 sapiunt,
1088 4624 1252 4689 attendant,
1268 4622 1321 4695 qui
1345 4621 1478 4690 magicas
1499 4626 1577 4676 artes
1591 4634 1652 4676 uon
1668 4619 1771 4692 utique

940 4712 996 4768 nisi
1013 4727 1067 4783 pro
1083 4711 1218 4768 lelicitate
1231 4710 1401 4767 terrenarel
1417 4708 1582 4767 damnabili
1595 4708 1770 4766 curiositate

940 4801 1130 4874 conquirunt,
1139 4799 1183 4855 vel
1194 4800 1233 4856 ab
1242 4800 1285 4855 eis
1298 4801 1481 4867 innoeentes,
1491 4798 1657 4871 periculosa
1667 4802 1770 4856 mmsn

940 4907 990 4947 eas
1005 4890 1203 4946 admiratione
1218 4889 1400 4956 collaudant,
1417 4893 1446 4946 at
1459 4889 1580 4945 videant
1592 4889 1685 4944 David
1701 4903 1770 4944 nos·

970 5018 977 5045 ¹
996 5014 1058 5063 Bnd.
1077 5018 1104 5063 ot
1118 5013 1176 5071 Er„
1190 5018 1401 5087 veneratoresque
1416 5014 1527 5086 usstirel.
1537 5011 1588 5062 Sed
1600 5011 1688 5085 verius
1704 5009 1767 5059 Lov.

941 5080 968 5127 et
979 5078 1052 5133 llas..
1065 5076 1331 5140 venatoresque;1llos
1344 5076 1467 5126 videlieet
1476 5090 1523 5140 qur
1539 5088 1597 5124 sese
1607 5088 1635 5122 rn
1650 5087 1682 5121 us
1697 5085 1770 5121 exer-

940 5141 1037 5213 cebant
1063 5140 1228 5213 innitueribus,
1253 5153 1313 5213 qum
1338 5139 1465 5202 Apuleius
1488 5136 1638 5211 euxlribebat·
1659 5134 1770 5206 Munere

939 5217 1038 5268 quippe
1047 5203 1205 5253 dicebantur
1214 5203 1270 5251 luds
1282 5216 1335 5252 uon
1347 5200 1427 5251 modo
1436 5201 1624 5261 gladiatorum,
1633 5197 1679 5247 sod
1689 5199 1769 5248 etism

940 5271 1108 5322 venetorum,
1116 5266 1142 5315 id
1151 5269 1191 5315 ost
1201 5266 1227 5314 in
1237 5265 1335 5314 bestias
1344 5264 1554 5327 pugnantium«
1570 5262 1732 5310 venationes
1745 5276 1769 5317 s,

939 5329 1028 5393 inquit
1039 5330 1193 5378 Lactantius
1210 5327 1255 5377 lib.
1271 5330 1295 5383 o,
1309 5328 1361 5375 div.
1378 5326 1442 5375 lust.
1456 5338 1482 5379 c.
1500 5326 1566 5381 20,s
1585 5338 1644 5387 quus
1656 5336 1770 5373 munera

940 5396 1078 5448 vocantur,
1094 5392 1209 5441 Saturno
1227 5390 1362 5439 attributus
1377 5391 1449 5437 sunt.
1466 5403 1479 5433 s

970 5458 979 5487 ²
996 5454 1058 5503 llas.
1080 5454 1214 5510 undecim,
1236 5452 1349 5502 Oeenses.
1364 5451 1414 5500 ltlii
1431 5451 1559 5514 quinque,
1581 5447 1693 5498 Oeenses.
1710 5447 1767 5499 lluo

939 5515 992 5571 olii,
1010 5518 1123 5565 Ceeuses.
1361 5550 1365 5557 .

969 5578 1034 5628 ’lta
1049 5579 1110 5629 Bad.
1128 5579 1168 5629 Er.
1182 5581 1209 5628 et
1222 5577 1285 5627 llss.
1301 5575 1429 5641 plerique.
1450 5578 1482 5625 ht
1496 5575 1560 5625 Lov.
1576 5574 1666 5634 babet,
1682 5574 1767 5640 moad

936 5642 1031 5705 potuit.
