3952 6128
126 181 184 256 ber

129 329 224 386 serat.
239 324 364 398 Ergone
377 322 485 395 aliquis
498 321 536 379 de
545 336 594 378 me
605 325 759 395 queratur,
770 322 955 380 voluntatem

131 431 242 481 meam,
256 430 348 488 quam
363 411 452 468 credo
466 411 515 467 [tei
530 426 607 477 csse,
624 412 654 467 in
670 412 807 468 omnium
822 417 955 469 vostrum

131 505 266 561 notitiam
279 501 412 575 perfero:
429 500 637 573 presbyterum
648 501 795 557 Eraclium
809 501 880 557 mibi
891 518 955 558 suc·

130 606 279 649 cessorem
293 589 405 646 volort
421 591 533 660 populo
543 591 744 646 acclamatum
753 595 805 655 cst,
815 591 875 646 Deo
887 606 957 661 qra-

130 681 197 746 tias,
222 679 341 735 Christo
369 678 503 749 laudee,·
527 678 637 735 dictum
666 685 709 736 εει
734 678 820 736 uicies
845 680 956 736 terties.

131 768 263 833 Exaudi,
275 768 398 839 Christe,
410 768 580 840 dapustiuo
593 772 676 839 uito,·
687 767 850 825 dictumest
863 769 957 826 series

128 857 235 915 decies.
252 858 291 915 l'e
303 864 432 928 patrem,
442 864 470 915 ιε
481 858 665 928 opacorum
679 857 844 914 dictumest
857 857 958 915 octies.

165 968 192 1020 2.
207 964 341 1037 Cumque
349 964 536 1029 reticeretur,
548 963 738 1034 Aupustiuus
752 962 957 1034 episcopusdi-

129 1054 177 1112 ιιι
191 1070 199 1109 .·
215 1055 280 1111 Νοι
293 1069 372 1127 opus
383 1059 428 1110 est
442 1069 491 1110 me
505 1052 543 1108 de
554 1051 695 1109 laudibus
705 1052 770 1126 ejus
785 1051 898 1126 aliquid
914 1054 958 1109 di-

130 1159 197 1200 cere
213 1161 221 1211 ;
240 1144 326 1199 faveo
342 1141 507 1215 sapientise,
523 1147 551 1198 et
563 1157 655 1215 parco
670 1129 857 1198 verecundia
874 1158 880 1197 :
897 1142 957 1199 sul·

129 1230 192 1289 ficit
206 1232 277 1304 quia
290 1231 385 1288 nostis
401 1247 470 1288 eum
489 1230 609 1298 ;ethoc
627 1246 675 1288 me
694 1229 770 1287 velle
790 1229 858 1287 dico
873 1230 956 1304 quod

129 1335 185 1378 vos
193 1320 336 1377 vehescio
346 1336 354 1387 ;
363 1324 392 1377 ει
400 1319 422 1375 si
435 1324 504 1377 ante
515 1319 673 1387 nescirem,
684 1319 774 1377 bodie
783 1318 955 1393 probarem.

129 1411 191 1468 lloc
204 1426 275 1482 ergo
292 1410 357 1467 volo
375 1426 382 1466 ι
402 1410 461 1466 hoc
481 1425 500 1468 a
524 1409 650 1466 Domino
666 1411 724 1465 Deo
744 1415 855 1476 nostro,
875 1425 956 1467 nunc

129 1500 220 1558 etiam
230 1500 260 1555 in
268 1504 354 1556 atate
362 1498 481 1571 frigida,
491 1498 568 1555 votis
580 1497 765 1555 ferventibus
773 1513 866 1571 posco
879 1497 956 1566 ;boc

129 1593 163 1647 ιι
173 1604 294 1646 mecum
307 1587 398 1644 oretis
411 1587 561 1653 exhortor,
573 1586 733 1653 admoneo,
746 1602 831 1658 rogo,
847 1592 879 1643 ut
892 1603 956 1643 om·

128 1678 213 1737 nium
230 1677 259 1733 iu
272 1692 347 1750 pace
357 1676 464 1733 Christi
477 1675 594 1734 collatis
613 1680 641 1732 et
653 1675 790 1734 conflatis
803 1676 956 1733 mentibus

129 1766 288 1824 confirmet
302 1768 379 1823 Deus
398 1764 481 1839 quod
502 1769 643 1843 operatus
655 1770 701 1822 est
714 1764 744 1821 in
758 1765 846 1824 nobis
859 1766 955 1839 (Psoi.

128 1872 217 1923 ιιιιι,
228 1856 288 1929 ιι).
304 1854 360 1921 Qui
377 1854 458 1911 misit
467 1853 541 1911 mibi
553 1869 634 1921 eum,
650 1858 745 1911 servet
759 1869 846 1910 eum:
863 1861 957 1912 servet

128 1941 955 2017 incolumem,servetsinecrimine,utquifacitgaudium

127 2030 957 2105 viventis,locumsuppleatmorientis.Anotariisliccle·

130 2122 192 2192 siae,
206 2124 282 2179 sicut
294 2121 423 2187 cernitis,
440 2120 628 2194 excipiuntur
641 2136 710 2193 quse
724 2120 864 2190 dicimus,
879 2120 956 2178 exci-

128 2211 253 2285 piuntur
262 2226 331 2285 quae
340 2210 440 2267 dicitis
451 2215 497 2276 ;et
505 2225 591 2266 meus
599 2225 707 2273 sermo,
718 2210 956 2269 etrestreaaccla·

128 2301 277 2359 motiones
287 2299 319 2357 in
330 2306 438 2357 terram
450 2313 511 2356 non
521 2297 645 2355 cadunt.
653 2297 793 2372 Apertius
804 2299 954 2369 utdicam,

127 2389 330 2447 ecclesiastica
343 2403 424 2445 nunc
440 2389 526 2445 Ceste
541 2386 738 2445 conficimus:
753 2388 797 2444 sic
807 2388 888 2445 enim
896 2387 955 2446 hoo

127 2494 204 2546 esse,
219 2483 369 2551 quantum
391 2476 429 2533 ad
451 2474 592 2533 homines
613 2477 727 2542 attinet,
743 2476 955 2534 confirmatum

127 2566 584 2638 volo.Apopuioacclamcntum
591 2571 633 2621 εει
640 2564 955 2636 ιιιιεειεεεεειεειῦεε

125 2655 254 2729 pretias,
271 2654 387 2711 Christo
411 2653 525 2711 laudes
540 2654 675 2720 Exaudi,
691 2653 816 2725 Christe,
837 2656 955 2726 Aucus-

125 2747 191 2806 tino
213 2744 296 2811 uita;
316 2743 429 2801 dictum
454 2754 494 2800 est
524 2745 676 2802 tredecies.
705 2744 743 2823 ιε
768 2750 898 2815 patrem,
927 2751 955 2802 ιε

125 2834 307 2905 episcopum,
322 2832 486 2890 dictumest
502 2833 599 2890 οειιεε.
617 2833 730 2903 biquae
743 2840 769 2891 ει
780 2835 879 2904 justus
889 2838 932 2890 est
940 2846 953 2907 ;

125 2923 293 2980 dictumest
309 2921 406 2979 uicies.
423 2922 504 2979 Beue
515 2923 649 2987 meritm,
665 2922 735 2980 leae
748 2923 856 2994 diquus
868 2939 881 2990 ,·
893 2923 954 2982 dic·

126 3018 190 3069 tum
204 3017 246 3069 εει
260 3011 428 3085 quinquies.
448 3012 565 3084 Dtpuus
580 3020 607 3069 et
624 3013 728 3083 iustus
748 3018 791 3071 eet
804 3027 818 3085 ,·
840 3011 953 3070 dictum

127 3100 282 3158 estseetes.

163 3200 189 3254 3.
201 3197 333 3270 Cumque
347 3200 533 3263 reticeretur,
543 3196 730 3269 dupuetiuue
742 3198 895 3270 epiecopus
910 3200 953 3256 di·

125 3285 172 3345 ait
181 3307 192 3345 .·
201 3289 287 3358 Ergo,
298 3293 329 3342 ut
344 3285 492 3356 dicebam,
506 3285 692 3342 voluntatem
701 3302 801 3345 meam
812 3292 841 3343 ει
850 3288 953 3345 volun·

125 3379 356 3434 tatemvestram
367 3371 953 3448 Gestisecclesiasticis,quautumsdho·

125 3464 224 3521 mines
244 3462 359 3530 attinet,
375 3461 583 3519 confirmatam
599 3462 668 3521 volo
684 3482 692 3524 :
717 3469 867 3536 quantum
881 3479 953 3522 vero

126 3552 167 3610 ad
186 3552 329 3611 latentem
352 3550 570 3625 omnipotentis
584 3552 779 3620 voluntatem,
792 3567 908 3624 omnes,
922 3558 955 3609 ut

127 3639 198 3712 dixi,
210 3656 330 3697 oremus
344 3646 376 3698 ut
392 3641 548 3698 confirmet
567 3641 645 3698 Deus
660 3641 740 3715 quod
755 3647 898 3714 operatus
910 3646 954 3698 est

126 3726 157 3787 in
173 3729 271 3786 nobis.
286 3733 306 3785 A
323 3731 436 3802 populo
450 3732 652 3789 acclamatum
672 3737 713 3787 εει
733 3748 744 3787 .·
767 3730 886 3789 iudicio
901 3736 953 3788 tuo

124 3818 242 3892 pretias
265 3819 383 3891 aqimus
401 3832 414 3892 ,·
433 3820 547 3878 dictum
566 3823 607 3878 est
623 3820 757 3878 sedecies.
778 3820 856 3888 Fiat,
871 3819 954 3891 fiut;

125 3910 240 3968 dictum
255 3916 297 3967 εει
309 3910 475 3968 duodecies.
489 3910 528 3967 l'e
536 3915 664 3981 patrem,
675 3909 832 3969 liroclium
843 3911 953 3982 episco-

124 4014 198 4069 pum
212 4014 225 4066 ;
237 3998 350 4057 dictum
365 4005 407 4058 εει
419 3998 524 4056 series.

162 4107 190 4163 l.
214 4108 345 4179 Cumque
371 4107 558 4173 reticeretur,
578 4109 769 4178 Auquetiuus
797 4108 952 4181 epiecopus

126 4193 223 4252 dicit:
240 4196 307 4252 Scio
321 4196 403 4268 quod
416 4196 497 4252 scitis
513 4202 618 4262 atros,
632 4197 684 4253 sed
694 4197 765 4254 nolo
776 4197 814 4256 de
828 4197 878 4255 illo
889 4198 952 4255 fleri

125 4283 211 4357 quod
226 4285 264 4340 de
283 4299 333 4340 me
354 4284 535 4342 factumest.
563 4285 640 4351 Quid
655 4290 756 4343 autem
777 4285 891 4344 laetum
915 4287 954 4343 sit

125 4372 212 4432 mults
227 4374 306 4431 scitis
316 4390 324 4441 ;
335 4372 378 4430 illi
391 4372 446 4431 soli
458 4376 597 4432 nesciunt
606 4374 658 4447 qui
667 4380 738 4432 tuno
751 4383 804 4432 aut
816 4376 953 4434 nondum

125 4466 189 4523 nati
200 4468 298 4530 crant,
308 4468 361 4522 aut
375 4464 512 4522 nondum
527 4464 681 4523 habebant
694 4470 814 4524 estatem
829 4466 952 4524 sciendi.

124 4553 231 4611 adhue
246 4554 277 4610 in
291 4568 419 4626 corpora
433 4554 531 4626 posito
549 4554 646 4612 beatu
660 4556 815 4613 memoria
829 4560 914 4628 patre
925 4561 954 4614 et

125 4644 268 4715 episcopo
290 4658 359 4700 meo
381 4658 454 4700 sene
471 4644 594 4715 Valerio,
616 4644 779 4717 episcopus
796 4644 953 4703 ordinatus

126 4748 206 4797 sum,
222 4737 251 4787 et
264 4732 413 4789 ecdicum
427 4732 498 4790 illo:
514 4733 596 4806 quod
609 4734 735 4792 concilio
747 4736 867 4792 Nicuno
886 4751 954 4808 pro·

123 4819 255 4879 bibitum
268 4820 358 4876 fuisse
375 4821 561 4890 nesciebam,
576 4838 632 4879 nec
648 4823 712 4894 ipse
727 4824 850 4881 sciebat.
867 4825 954 4892 Quod

50 4970 55 4978 ,
124 4924 198 4981 ergo
212 4908 429 4983 reprehensum
447 4916 493 4966 eat
511 4910 543 4967 in
556 4926 615 4980 me,
631 4912 701 4968 nolo
723 4912 900 4985 reprehendi
922 4913 954 4970 in

122 4998 187 5057 filio
200 5014 279 5056 meo.
295 5000 320 5055 A
336 5001 448 5071 populo
458 5001 660 5057 acclamatum
674 5005 715 5058 εει
724 5017 737 5059 .·
746 5003 808 5060 Deo
816 5003 935 5073 pretias
942 5020 953 5069 ;

125 5088 249 5148 Cltriste
263 5088 365 5146 laudes
379 5110 389 5160 ,·
404 5089 517 5146 dictum
532 5094 575 5146 eet
587 5089 738 5147 tredecies.

162 5201 188 5253 ιι.
216 5197 347 5269 Cumque
373 5196 558 5261 reticeretur,
590 5198 773 5267 lucustiuus
801 5198 954 5269 epiecopus

124 5284 204 5342 dicit
215 5300 228 5343 .·
238 5284 295 5342 Erit
303 5285 460 5358 presbyter
470 5290 501 5343 ut
513 5289 557 5341 est
568 5303 575 5351 ;
587 5284 711 5358 quando
724 5284 802 5342 Deus
817 5288 952 5355 voluerit,

125 5373 244 5430 futurus
259 5376 432 5448 episcopus.
449 5373 506 5431 Sed
520 5374 610 5448 plana
624 5374 717 5431 modo
732 5374 867 5432 facturus
884 5393 953 5434 sum

126 5461 290 5532 adiurante
304 5461 510 5520 misericordia
525 5463 641 5534 Christi,
651 5462 735 5536 quod
744 5463 845 5522 adbuc
859 5480 953 5538 usque

126 5562 188 5607 non
201 5547 267 5605 feci.
282 5551 378 5608 Nostis
392 5558 460 5609 ante
471 5549 587 5627 aliquot
597 5568 694 5611 annos
705 5553 778 5627 quid
791 5552 889 5612 facere
904 5570 954 5613 vo

123 5638 241 5704 luerim,
255 5643 282 5694 et
297 5652 358 5695 non
381 5640 567 5712 permisistis.
590 5643 703 5701 Placuit
728 5642 844 5702 mihist
865 5645 955 5704 vobis

125 5735 248 5805 propter
258 5729 598 5803 curamsoripturarum,
612 5749 706 5807 quam
722 5734 793 5791 mihi
804 5734 911 5794 fratres
924 5742 953 5795 ει

715 220 719 225 -
765 192 796 259 s.
814 175 1008 256 accusabo
1027 178 1188 257 crisconi

1008 326 1109 396 patros
1123 324 1181 382 mei
1205 323 1376 399 coepiscopi
1396 324 1518 384 duobus
1532 325 1672 384 conciliis
1695 326 1841 388 Numidia

1009 414 1039 470 et
1053 412 1240 484 Carthaginis
1254 415 1410 488 imponere
1421 413 1538 487 dignati
1552 420 1634 485 sunt,
1647 420 1680 473 ut
1688 431 1748 491 per
1758 416 1843 491 quin·

1008 517 1068 575 que
1083 501 1244 560 diesnemo
1257 504 1329 561 mibi
1344 503 1489 562 molestus
1499 511 1590 562 esset.
1605 507 1696 563 Gesta
1706 505 1842 564 confecta

1009 594 1089 657 eunt,
1103 588 1224 663 placuit,
1238 591 1427 650 acclamastis
1441 608 1449 650 ι
1464 594 1608 652 recitatur
1622 592 1772 668 placitum
1782 610 1843 653 ves·

1009 682 1101 744 trum,
1110 684 1138 736 et
1147 678 1378 738 acclamationes
1389 686 1508 740 vestrae.
1519 685 1625 742 Parvo.
1636 688 1777 757 tempore
1787 701 1844 742 ser»

1007 773 1112 824 vatum
1128 774 1171 826 est
1182 770 1262 826 circa
1283 784 1333 826 me
1345 786 1353 838 ;
1364 774 1395 826 et
1404 775 1511 845 postea
1524 769 1673 830 violenter
1686 770 1838 846 irruptum

1009 861 1063 924 εει,
1079 861 1109 912 ει
1123 872 1184 915 ιιι
1200 859 1355 930 permittor
1370 860 1408 916 ad
1423 859 1506 934 quod
1520 862 1602 927 solo,
1617 875 1735 918 vacare
1751 877 1759 916 :
1775 866 1841 920 ante

1009 945 1166 1004 meridiem
1182 951 1292 1019 etpost
1307 945 1461 1005 meridiem
1480 948 1739 1022 occupationibus
1751 949 1841 1007 homi·

1009 1048 1082 1092 num
1098 1034 1385 1108 implicor.0bsecro
1406 1054 1460 1094 vos
1470 1042 1499 1096 et
1510 1036 1667 1111 obstringo
1681 1037 1842 1112 perChrie

1010 1128 1084 1191 tum,
1100 1128 1133 1180 ut
1155 1124 1224 1182 huic
1237 1126 1351 1197 juveni,
1373 1126 1431 1183 hoo
1445 1131 1491 1185 est
1512 1126 1628 1185 Eraclia
1651 1126 1842 1200 presbytero,

1009 1227 1100 1287 quem
1112 1212 1202 1270 hodie
1214 1215 1244 1271 in
1259 1214 1383 1272 nornine
1398 1214 1505 1274 Christi
1515 1215 1647 1287 designo
1659 1216 1844 1291 episcopum

1010 1315 1217 1360 successorem
1239 1304 1323 1370 mibi,
1340 1303 1497 1377 patiamini
1513 1319 1560 1363 me
1571 1304 1743 1362 refundere
1755 1319 1845 1363 onera

1002 1391 1242 1463 occupationum
1254 1406 1402 1449 mearum.
1416 1393 1560 1464 Apoputo
1569 1394 1783 1452 acclamatum
1791 1401 1845 1452 est:

1008 1479 1131 1540 iudicio
1142 1482 1314 1553 iuoqruts'as
1323 1480 1579 1553 opimae-cremas
1588 1483 1845 1542 utriciessceics.

1045 1572 1072 1626 ι.
1089 1569 1220 1642 Cumque
1231 1569 1415 1638 reticeretur,
1429 1571 1620 1643 Aucustiuus
1632 1571 1846 1642 episcopandi

1008 1661 1056 1718 air
1069 1660 1149 1729 :ligo
1157 1658 1295 1716 charitati
1308 1664 1337 1716 et
1346 1659 1563 1718 benevolentiae
1573 1666 1687 1718 vestra
1700 1662 1788 1735 apud
1797 1663 1846 1719 lto

1010 1748 1125 1805 minum
1136 1749 1229 1803 [teum
1244 1752 1381 1805 nostrum
1392 1750 1505 1819 gratias
1520 1764 1591 1820 ago,
1601 1749 1668 1807 imo
1678 1751 1721 1808 de
1732 1750 1846 1809 illabeo

1009 1836 1120 1911 gratiae
1141 1851 1210 1907 ago.
1226 1836 1315 1908 ttrgo,
1329 1835 1449 1906 iratres,
1464 1837 1617 1912 quidquid
1640 1843 1691 1897 ast
1710 1838 1797 1912 quod
1810 1839 1846 1897 ad

1009 1940 1059 1982 me
1079 1922 1295 1997 perferebatur,
1313 1924 1352 1982 ad
1367 1925 1451 1984 illum
1464 1925 1660 2002 perferatur:
1678 1926 1736 1984 ubi
1752 1943 1846 1985 necu-

1010 2014 1846 2089 sariumbabueritconsilium,maumnonnegaboausi·

1009 2102 1185 2172 lium3absit
1195 2102 1424 2162 utsubtrabam.
1433 2104 1796 2179 ‘lamenqnidqnidiltud
1806 2111 1845 2163 ast

1009 2191 1092 2265 quod
1105 2192 1201 2249 adme
1212 2190 1427 2265 perferebatur,
1438 2192 1478 2252 ad
1488 2192 1572 2251 illum
1580 2194 1775 2269 perferatur.
1787 2196 1845 2269 lpse

1010 2295 1059 2338 me
1073 2279 1325 2349 succensuisset
1337 2281 1412 2340 forte
1425 2298 1487 2340 non
1497 2282 1651 2341 invenerit
1661 2282 1746 2357 quid
1756 2282 1844 2342 lacere

1010 2369 1129 2438 debeat,
1141 2375 1193 2426 aut
1206 2375 1312 2442 poscat
1327 2368 1495 2444 adiutorem
1504 2386 1598 2446 quem
1608 2372 1703 2429 novit
1716 2378 1843 2446 patrem:

1009 2462 1078 2516 utet
1089 2457 1177 2514 vobis
1189 2458 1260 2515 nibil
1273 2457 1359 2530 desit,
1372 2464 1470 2531 elego
1484 2459 1611 2517 tandem
1627 2459 1843 2535 aliquando,si

1008 2546 1324 2622 quantulumcumque
1331 2548 1463 2620 spatium
1474 2546 1550 2604 mihi
1562 2548 1660 2623 hujus
1675 2550 1751 2608 vitm
1761 2551 1843 2609 dona·

1009 2635 1084 2691 verit
1096 2634 1184 2698 Deus,
1200 2634 1299 2707 ipsam
1311 2650 1413 2711 meam
1423 2634 1752 2712 quantulamcumque
1762 2638 1841 2696 sitan

1009 2738 1071 2781 non
1084 2724 1154 2781 dem
1168 2724 1313 2796 segnitiei,
1323 2723 1498 2782 necdonem
1508 2724 1638 2793 inertias,
1648 2726 1709 2785 sed
1722 2728 1754 2784 in
1768 2744 1842 2785 saac-

1009 2812 1045 2870 tis
1064 2812 1231 2885 scripturis,
1248 2818 1395 2886 quantum
1415 2814 1480 2888 ipsa
1499 2814 1646 2888 permittit
1667 2819 1701 2873 ει
1716 2816 1840 2889 largitu,

1008 2917 1161 2960 exerceam
1175 2921 1183 2974 ;
1200 2902 1257 2959 boc
1265 2906 1295 2960 et
1303 2903 1359 2975 ipsi
1371 2902 1511 2976 proderit,
1522 2907 1552 2961 et
1561 2918 1619 2976 per
1635 2904 1749 2979 ipsum
1760 2905 1840 2963 etiam

1010 2992 1105 3049 robis.
1119 2992 1213 3049 Nemo
1232 3007 1304 3063 ergo
1317 2991 1450 3050 inrideat
1463 2992 1524 3049 otio
1544 3007 1629 3060 meo,
1643 2994 1726 3068 quia
1748 3009 1841 3054 ιιιειιιι

1007 3080 1104 3138 oborn
1120 3094 1265 3151 magnum
1280 3078 1548 3151 habetneqotiom.
1562 3079 1661 3139 video
1677 3098 1733 3141 ma
1744 3082 1841 3143 dahac

1008 3185 1040 3228 re
1055 3175 1176 3242 propter
1193 3184 1286 3242 quam
1313 3184 1368 3226 ros
1387 3169 1521 3237 invitavi,
1547 3169 1839 3229 cantaverimus

1007 3258 1104 3330 egisse
1119 3273 1188 3332 quas
1201 3256 1294 3316 debui
1307 3273 1314 3312 :
1326 3258 1385 3315 hoo
1393 3257 1434 3315 ad
1444 3256 1586 3315 ultimum
1598 3272 1693 3331 rogo,
1704 3258 1838 3319 stuata

1008 3347 1073 3404 istis
1086 3347 1251 3417 dignamini
1266 3345 1456 3405 subscribere
1468 3346 1522 3420 qui
1537 3348 1678 3420 potestis.
1697 3349 1759 3410 Hie
1772 3347 1837 3407 mitt

1007 3435 1205 3506 responsione
1214 3441 1397 3509 restraopus
1405 3440 1466 3493 est:
1478 3440 1598 3493 ιειιειιιι
1606 3438 1837 3511 responsionem

1005 3527 1139 3582 vestram
1156 3523 1213 3581 :de
1227 3523 1285 3581 hac
1299 3524 1472 3582 amnuens
1487 3523 1605 3599 aliquid
1617 3525 1835 3585 acclamatal

1000 3606 1118 3685 populo
1129 3613 1331 3671 acclamatum
1345 3618 1390 3671 est
1402 3631 1414 3673 .·
1427 3612 1508 3680 liat,
1520 3615 1577 3684 etot
1591 3627 1606 3682 ‚⁰
1619 3614 1745 3673 dictum
1759 3616 1839 3673 ucis

1005 3701 1172 3775 qeciuquies,
1189 3702 1317 3773 Quum
1331 3708 1384 3769 εει,
1402 3704 1517 3772 iustum
1530 3708 1602 3773 est·,·
1615 3704 1742 3763 dictum
1761 3702 1840 3764 etsie

1005 3791 1105 3849 octies.
1113 3791 1252 3860 licentur
1259 3808 1267 3862 ;
1277 3790 1616 3864 dictumquaterdect‘cs.
1624 3792 1712 3852 oties
1725 3793 1839 3866 dium

1005 3881 1078 3939 otim
1089 3881 1233 3949 meritus,-
1246 3880 1358 3937 dictum
1368 3880 1457 3938 uicies
1465 3880 1637 3953 quiequies.
1650 3881 1782 3942 iudicio
1795 3888 1839 3941 ιιιι

1005 3969 1122 4042 malias
1131 3969 1249 4041 amram
1258 3985 1269 4037 ,·
1277 3968 1390 4028 dictum
1400 3969 1706 4040 cruscirelieouui,
1719 3972 1841 4039 ceusu,

1005 4058 1163 4117 Erociium
1175 4072 1316 4116 consumo
1327 4057 1460 4130 ,dictum
1471 4058 1560 4116 octies
1570 4058 1689 4117 demes.

1042 4152 1069 4203 7.
1080 4147 1212 4221 Cumque
1222 4146 1409 4217 reticeretur,
1421 4147 1613 4219 Auentinus
1624 4150 1795 4222 episcopas
1805 4150 1844 4207 ei

1006 4238 1073 4295 cit:
1089 4238 1165 4293 liene
1180 4236 1273 4294 habet
1287 4241 1319 4293 ut
1331 4251 1368 4293 ea
1381 4250 1450 4310 ques
1464 4235 1516 4293 bei
1530 4241 1614 4303 sunt,
1629 4237 1721 4297 eirca
1736 4238 1844 4297 saorth·

1006 4327 1087 4383 cium
1099 4326 1164 4396 eius
1175 4339 1265 4396 agere
1279 4324 1435 4383 valeamus
1450 4340 1459 4394 3
1474 4325 1505 4381 in
1519 4339 1583 4399 qua
1597 4323 1684 4383 hora
1697 4327 1847 4402 supplies

1006 4415 1097 4474 tionis
1108 4420 1217 4471 nostrae
1232 4413 1364 4471 maxime
1377 4414 1560 4471 commendo
1570 4415 1727 4474 Charitati
1743 4422 1847 4475 sesua

1006 4511 1040 4562 ut
1054 4519 1161 4561 omnes
1181 4506 1294 4561 vestras
1308 4516 1416 4560 causas
1433 4507 1463 4561 ει
1480 4503 1605 4574 negotia
1623 4503 1846 4571 intermittatis,

1006 4598 1037 4650 at
1055 4607 1109 4665 pro
1125 4592 1183 4649 ista
1197 4591 1337 4660 Ecclesia,
1352 4596 1381 4648 st
1400 4607 1455 4665 pro
1471 4606 1529 4658 me,
1548 4595 1579 4649 at
1590 4606 1650 4666 pro
1663 4594 1847 4669 presbytero

1008 4681 1132 4753 Eraclia,
1149 4682 1275 4738 Domino
1288 4695 1407 4753 precem
1424 4679 1570 4738 fundatis.

1239 4769 1408 4827 uetsrota
1420 4768 1532 4827 ccttt·
1546 4768 1604 4841 ιι).

998 4860 1193 4930 -Auqustiuus
1202 4857 1478 4916 Valentiaolletati
1488 4864 1515 4915 et
1527 4856 1698 4917 Mouacur's
1709 4861 1847 4919 adem

1043 4930 1124 4997 tirsis,
1139 4931 1242 4987 oborta
1255 4931 1392 4988 intereos
1404 4930 1590 4987 dissuasione
1601 4930 1640 4989 de
1654 4932 1759 4991 libero
1771 4932 1847 4991 arti

1044 5001 1102 5058 trio
1112 5000 1334 5073 etjustttiallei,
1347 5016 1385 5060 cc
1393 5015 1493 5072 proco
1504 5005 1772 5071 interpretatione
1780 5003 1848 5073 epis

1043 5072 1659 5142 tolaproliriorieadSictumdocetltdem
1669 5074 1847 5133 catholicon

1042 5144 1138 5201 initio
1145 5144 1847 5219 epistotapropupuatomleauecsse,quareque

1044 5215 1167 5272 liberum
1175 5214 1334 5273 arbitrium
1343 5222 1543 5289 recreareque
1552 5216 1844 5281 mammete-toea,

1045 5295 1078 5343 ut
1091 5286 1155 5345 sine
1167 5287 1269 5358 pratia
1285 5288 1339 5344 Det
1362 5287 1461 5345 uaieal
1476 5285 1645 5359 quidquam
1661 5288 1710 5347 aa
1727 5288 1842 5347 honum.

1012 5376 1137 5432 homino
1150 5375 1354 5444 dilectissimo,
1368 5381 1396 5432 et
1410 5375 1441 5432 in
1457 5374 1563 5434 Christi
1587 5374 1743 5435 membris
1754 5376 1842 5435 bonc-

1037 5497 1166 5563 Ἐριιιι.
1184 5510 1274 5553 ccxiv
1297 5502 1324 5551 et
1338 5508 1418 5553 ccxv
1441 5496 1654 5573 emendarimus
1671 5511 1760 5565 opera
1771 5514 1796 5549 ι
1817 5496 1841 5547 b.

1006 5559 1377 5698 liuhtisiiiltfliltl·
1389 5575 1435 5627 ι’·
1445 5576 1467 5626 ¹·
1483 5574 1520 5612 ι·
1532 5575 1560 5613 ¹¹·
1574 5574 1599 5613 ‘·
1612 5574 1644 5649 ι·
1660 5562 1706 5615 ⁸³·
1718 5560 1790 5699 ¹3¹⁶·
1803 5572 1840 5609 *⁶*

1006 5686 1548 5810 defiuitistmhttbsa‘·
1564 5682 1840 5753 “ww
