3952 6128
217 146 266 215 tut
857 136 889 207 b,
903 132 1100 207 auuusultu
1119 132 1283 205 ariston
1872 138 1927 207 au

214 280 271 340 ista
285 278 434 351 cogitatio,
452 279 480 335 et
494 290 550 333 nos
564 275 665 348 potius
682 268 765 332 tallat
778 275 836 333 iata
846 274 978 348 suspicio
991 272 998 330 t
1015 275 1044 330 et
1097 284 1200 328 suram
1216 286 1224 338 ;
1247 269 1425 327 striderunt
1439 282 1533 345 qnam
1547 268 1584 327 ειι
1598 266 1776 338 absurdum,
1791 286 1849 345 pro
1861 270 1925 345 rus,

215 370 284 428 ideo
295 368 417 426 sireliut
432 381 539 422 omues
554 379 620 423 esse
636 369 806 436 presentes,
819 371 850 420 ut
864 363 991 421 cumeis
1005 363 1044 418 vi·
1097 360 1267 433 qumluerat
1278 358 1418 432 peritura,
1432 364 1475 416 tot
1484 359 1659 417 testimonia
1671 360 1775 418 divina
1789 360 1926 425 recitariz

216 475 284 517 sum
307 456 403 523 tuerit,
424 454 613 525 congregatis
628 452 698 510 illuc
727 454 816 510 etiam
839 452 936 519 nobis,
953 449 1045 508 simul
1097 465 1152 522 pro
1166 464 1202 506 ea
1217 464 1296 515 vero,
1312 464 1388 522 quae,
1399 448 1474 505 sicut
1485 452 1601 521 putant,
1614 453 1712 506 tuerat
1724 450 1853 507 Domino
1863 449 1929 523 pla·

215 547 284 604 iude
297 542 662 616 egrediamurconcordes
676 548 766 615 atque
781 542 890 615 pacati,
907 545 937 598 et
951 541 1045 596 schis-
1097 538 1202 606 cttura‚
1228 536 1343 594 nullum
1363 537 1428 609 ejus
1443 537 1647 595 testimonium
1671 539 1793 611 reperiri
1823 556 1831 595 ι
1860 539 1929 595 haec

217 633 326 691 metica
339 631 486 689 divisione
501 636 644 698 correcta,
657 631 789 687 fraterno
804 630 923 687 unitatis
937 629 1044 686 Christi
1096 626 1171 684 torte
1193 628 1368 698 cogitantes,
1383 627 1423 683 ad
1438 625 1588 683 liniendas
1608 643 1715 694 vanas,
1729 633 1758 685 et
1778 629 1928 702 pernicio·

214 722 334 780 vinculo
345 720 490 787 obstricti,
503 719 683 777 mirantibus
696 725 724 776 et
734 719 935 790 gaudentibus
945 718 1043 775 omnl-
1097 731 1156 782 sas,
1172 724 1201 774 et
1211 715 1299 772 saluti
1312 719 1427 772 aeternae
1441 716 1610 772 contrarias
1630 716 1815 783 iuimicitias,
1831 717 1871 774 ad
1885 716 1928 774 lo·

214 811 272 868 hus
287 811 386 876 bonis,
402 809 521 867 dolente
532 814 633 865 autem
644 808 709 865 solo
721 807 842 866 diabolo
853 814 881 864 ct
895 808 1043 865 similibus
1096 820 1165 865 cum
1180 804 1347 862 collationis
1356 808 1465 861 nostrae
1479 819 1584 861 omnes
1594 805 1754 862 convenire
1767 805 1929 863 votuerunt

214 900 290 972 ejus,
311 900 421 974 pariter
435 898 465 954 in
478 896 639 954 Ecclesiam
654 896 691 954 ad
713 898 878 969 gratiarum
893 896 1043 954 actionem
1097 911 1157 954 nou
1172 900 1204 952 ut
1219 893 1366 950 tumultus
1380 908 1476 950 novus
1492 894 1616 960 oriatur,
1628 894 1682 950 sed
1697 899 1858 953 utvetusta
1868 896 1930 952 dis-

214 988 382 1061 laudesqne
393 987 454 1044 Deo
467 986 638 1043 reddendas
652 985 860 1044 ardentissima
878 993 907 1042 et
920 984 1044 1043 lucidis·
1097 984 1201 1043 cordia
1213 983 1345 1040 liniatur.

215 1077 293 1135 sima
305 1077 450 1134 charitate
461 1088 633 1148 pergamus.
1131 1077 1159 1130 t.
1171 1072 1247 1129 Nam
1255 1076 1282 1129 et
1291 1070 1363 1128 illud
1376 1085 1438 1144 qno
1451 1071 1649 1129 innossoleut
1661 1073 1794 1143 graviter
1806 1072 1928 1145 irritari,

249 1171 277 1223 n.
298 1165 375 1233 Ouid
399 1164 481 1221 enim
502 1178 648 1234 magnum
663 1168 717 1228 est,
745 1162 769 1219 si
790 1162 895 1220 oculus
917 1168 1043 1236 pacatus
1096 1162 1178 1237 quod
1194 1176 1280 1233 reges
1293 1164 1388 1226 terrae,
1404 1175 1482 1232 quos
1498 1164 1581 1217 tanto
1602 1166 1670 1218 ante
1688 1162 1866 1233 pradictum
1884 1168 1930 1219 est

216 1253 360 1320 attendat,-
376 1256 405 1310 et
417 1250 560 1322 cogitatio
573 1250 736 1308 christiana
748 1266 808 1309 non
819 1252 937 1309 deserat
949 1252 1045 1308 consi·
1098 1252 1214 1310 Christo
1229 1249 1353 1306 domino
1368 1248 1541 1316 servituros,
1555 1248 1637 1320 leges
1652 1256 1757 1307 contra
1771 1250 1929 1308 haereticos

214 1344 320 1401 derare
331 1347 359 1399 ει
375 1341 485 1406 ridere,
494 1341 617 1398 remotis
626 1340 768 1397 humanis
781 1340 1044 1398 criminationibus
1097 1345 1126 1398 et
1134 1340 1339 1397 schismaticos
1349 1353 1403 1411 pro
1414 1338 1561 1395 catholica
1571 1354 1646 1411 pace
1658 1340 1853 1411 constituunt,
1867 1356 1930 1396 cre·

216 1447 268 1489 seu
283 1430 362 1487 reris
382 1446 433 1486 seu
447 1428 540 1493 falsis,
556 1428 587 1484 in
610 1429 653 1484 eis
668 1429 782 1486 Litteris
799 1428 959 1486 Ecclesiam
978 1444 1044 1485 esse
1098 1429 1198 1486 dirnus
1213 1429 1293 1501 quod
1307 1426 1468 1501 aliquando
1484 1427 1682 1501 cogitaverint
1694 1444 1755 1485 non
1778 1446 1846 1485 csse
1865 1430 1929 1486 cul·

215 1518 623 1595 quaerendamubitlhristus
634 1518 816 1591 Redemptor
826 1516 1046 1590 ejusinuotuitt
1098 1519 1234 1592 pandum
1256 1516 1351 1589 :quia
1365 1523 1393 1573 et
1408 1516 1523 1589 antiqui
1540 1532 1625 1589 reges
1639 1532 1700 1575 non
1716 1518 1816 1575 solum
1830 1518 1929 1590 gentis

214 1612 291 1667 Nam
310 1609 386 1665 sicut
405 1622 465 1664 non
481 1606 625 1664 audimus
639 1612 743 1663 contra
757 1608 907 1664 Christum
922 1624 974 1664 eos
992 1608 1045 1681 qui
1100 1605 1420 1673 Hebraicm,sedetiam
1432 1605 1617 1676 alienigena,
1632 1608 1843 1680 nequisquam
1855 1623 1928 1665 con·

215 1697 319 1754 dicunt
336 1712 446 1769 corpus
459 1696 523 1767 ειιιε
538 1696 576 1752 de
592 1696 728 1768 sepulcro
744 1695 873 1753 iuratum
885 1712 903 1754 a
916 1696 1046 1769 discipu·
1100 1696 1247 1754 traDcum
1261 1695 1359 1762 lsrael,
1373 1695 1430 1752 hoe
1440 1699 1483 1751 est
1496 1710 1600 1751 verum
1617 1698 1721 1761 llcnm,
1735 1710 1796 1752 non
1810 1701 1928 1753 tantum

215 1785 270 1854 lis;
287 1786 328 1842 stc
340 1784 559 1842 noudcbemus
571 1783 789 1841 audirecontra
804 1784 870 1857 ejus
883 1786 1045 1842 Ecclesiam
1100 1785 1220 1850 laceret,
1237 1785 1288 1841 sed
1311 1783 1357 1839 rel
1372 1783 1484 1840 diceret
1495 1783 1619 1856 aliquid,
1640 1798 1747 1841 omnes
1772 1786 1859 1857 regni
1883 1786 1929 1842 sui

216 1889 269 1932 eos
283 1874 335 1948 qui
348 1874 453 1931 dicunt
467 1888 528 1930 non
544 1889 612 1930 eam
632 1889 699 1930 esse
716 1873 775 1929 nisi
789 1876 820 1929 in
842 1873 913 1931 solis
925 1874 1001 1931 atris
1017 1879 1046 1931 et
1099 1873 1228 1947 populos
1238 1873 1393 1946 praeceptis
1404 1873 1615 1929 minacissimis
1628 1880 1798 1930 terruerunt
1808 1879 1855 1942 ;et
1867 1888 1930 1931 ma·

216 1962 354 2021 Afrorum
373 1962 563 2035 paucissimis
577 1960 684 2019 sociis:
701 1961 866 2034 Apostolus
880 1963 993 2035 quippe
1004 1963 1047 2019 di·
1096 1967 1178 2036 Jores
1192 1963 1318 2019 istorum
1332 1963 1431 2034 ipsam
1448 1962 1596 2019 Caeciliani
1611 1978 1745 2030 causam,
1764 1962 1847 2020 unde
1860 1968 1929 2021 natu

217 2053 256 2109 cit
268 2052 415 2125 quoniam
432 2064 551 2107 veraces
562 2050 716 2107 christiani
726 2051 864 2108 membra
872 2058 942 2109 sunt
953 2052 1047 2109 Chris·
1100 2059 1143 2110 est
1157 2055 1215 2108 ista
1235 2052 1393 2122 dissensio,
1418 2050 1458 2108 ed
1475 2051 1701 2108 Constantinum
1714 2053 1929 2125 imperatorem

217 2141 374 2212 titEptes.
396 2156 435 2208 ιι,
452 2139 519 2212 25);
542 2140 617 2197 sicut
630 2154 702 2211 ergo
717 2154 777 2198 non
794 2140 945 2199 credimus
969 2141 1047 2199 lurto
1101 2157 1154 2215 per
1169 2140 1331 2197 Anulinum
1344 2141 1556 2212 proconsulem
1577 2141 1750 2198 accusando
1762 2142 1929 2212 miserunt;

218 2229 399 2303 cuiusquam
424 2229 546 2301 periisse
571 2244 692 2287 carnem
715 2229 821 2287 Christi
844 2235 994 2287 mortuam
1010 2230 1047 2288 de
1101 2230 1183 2303 quod
1198 2231 1296 2302 utique
1311 2244 1372 2285 non
1387 2228 1427 2286 ob
1440 2228 1521 2286 aliud
1538 2229 1677 2286 videntur
1692 2229 1811 2297 iecisse,
1826 2230 1887 2287 nisi
1901 2237 1930 2288 ut

218 2318 369 2392 sepulcro,
383 2319 427 2374 sic
439 2318 559 2375 credere
575 2318 794 2375 nondebemus
808 2325 932 2391 peccato
948 2320 1048 2391 cujus·
1101 2318 1265 2391 imperator
1286 2317 1498 2374 Constantinus
1520 2324 1624 2373 contra
1642 2334 1695 2374 eos
1718 2320 1771 2392 qui
1796 2320 1930 2393 superati

215 2424 309 2482 qnam
322 2408 391 2465 vira
413 2406 551 2464 membra
566 2408 630 2478 elus
646 2408 768 2480 perlisse
790 2407 966 2466 demendo.
984 2412 1046 2467 Nou
1102 2411 1211 2475 essent,
1223 2406 1265 2462 eis
1281 2407 1333 2479 qui
1344 2411 1545 2479 superassent,
1561 2406 1674 2480 aliquid
1690 2410 1783 2479 regati
1798 2410 1931 2466 auctori·

218 2503 264 2556 est
273 2498 374 2568 itaque
396 2496 525 2565 dillictle,
544 2497 690 2570 quoniam
704 2503 795 2569 caput
804 2502 850 2554 est
864 2498 1005 2565 Christus,
1021 2502 1050 2556 et
1102 2500 1162 2553 tate
1180 2496 1352 2552 decerneret
1368 2513 1375 2564 ;
1392 2500 1544 2568 totamque
1568 2495 1665 2568 ipsam
1684 2512 1809 2554 causam
1827 2505 1931 2571 potus·

220 2598 330 2659 eorpus
344 2585 484 2651 Ecclesia,
500 2586 590 2641 simul
621 2587 651 2642 in
674 2585 836 2657 Evangelio
855 2588 1050 2645 commenda·
1102 2584 1295 2655 runt(etlorte
1306 2583 1538 2657 leceruntipsius
1546 2584 1713 2642 collationis
1728 2588 1929 2661 necessitate),

220 2680 285 2733 tum
296 2674 404 2741 ridere,
419 2678 448 2730 et
463 2678 664 2747 caputeontra
678 2674 849 2731 calumnias
862 2671 1047 2745 ludaeorum,
1101 2673 1233 2730 archivis
1248 2672 1375 2745 publicis
1390 2674 1593 2745 perscrutatis,
1620 2674 1754 2731 iuvenire
1779 2674 1854 2733 olim
1867 2692 1931 2735 esse

222 2767 252 2820 et
264 2762 372 2836 co'rpns
386 2767 490 2820 contra
498 2763 722 2820 criminationes
736 2763 952 2822 haereticorum.
974 2769 1048 2824 Nam
1102 2763 1228 2827 linitam,
1241 2761 1643 2836 postecclesiastlcatudicia,
1653 2763 1766 2836 quibus
1775 2766 1930 2824 absolutus

222 2852 305 2925 quod
314 2852 431 2922 legitur,
441 2850 603 2922 Oportebat
613 2852 764 2910 Christum
774 2855 850 2923 pati,
859 2862 886 2911 et
895 2870 1050 2927 reserpere
1102 2857 1146 2909 est
1161 2852 1344 2917 cecilianus,
1357 2852 1407 2909 illo
1421 2851 1511 2909 etiam
1523 2851 1703 2927 imperatore
1710 2853 1880 2927 iudicante,
1894 2858 1930 2913 ad

222 2940 476 2999 aurorescente
491 2940 548 3008 die,
566 2942 848 3015 contraeosestqui
862 2942 1050 3001 dicuntmor·
1102 2941 1190 3014 eujus
1209 2956 1337 2997 examen
1353 2956 1416 2997 rem
1441 2945 1535 2998 totam
1556 2947 1585 2999 et
1605 2943 1703 3013 primo
1731 2944 1891 3014 miserunt,
1905 2950 1931 3003 st

223 3035 307 3088 tuum
327 3029 365 3085 de
384 3029 523 3102 sepulcro
534 3045 599 3085 esse
613 3029 764 3086 sublatum
781 3030 884 3104 ;quod
895 3037 994 3088 antem
1006 3049 1050 3090 se·
1102 3037 1206 3104 postea
1228 3031 1441 3103 perduxerunt.
1458 3030 1500 3088 lbi
1516 3037 1677 3103 potueruut
1700 3032 1794 3089 etiam
1806 3050 1929 3094 cauum

223 3119 336 3193 quitur,
350 3125 377 3175 et
389 3116 551 3190 predicari
569 3117 602 3174 ιιι
621 3121 740 3176 nomine
754 3120 818 3191 ejas
834 3123 1048 3191 paenitentiam,
1103 3119 1204 3178 Felicis
1228 3119 1432 3192 Aptungensis
1453 3119 1635 3177 ordinatoris
1656 3119 1817 3189 Caeciliani,
1840 3138 1929 3197 quem

222 3213 251 3266 et
260 3207 461 3265 remissionem
471 3212 672 3277 peccatoram,
682 3222 842 3277 peromnes
849 3216 960 3280 gentes,
976 3212 1049 3268 inct-
1103 3210 1251 3267 malornm
1264 3209 1401 3265 omnium
1416 3208 1698 3265 tenteminconcilio
1713 3226 1771 3267 suo
1782 3211 1928 3281 dixerant,

221 3298 371 3368 plectitur
384 3296 422 3353 at
435 3295 603 3352 Jerusalem
618 3296 704 3365 (Luc.
719 3310 800 3362 xxrv,
816 3301 861 3362 to,
876 3298 933 3371 tr),
944 3302 1050 3357 contra
1103 3303 1301 3367 cognoscente
1316 3294 1431 3353 lEliano
1443 3296 1624 3367 proconsule
1637 3310 1674 3352 ex
1688 3301 1928 3373 preceptoejus·

223 3401 275 3441 eos
295 3389 338 3441 est
364 3385 416 3457 qui
443 3382 546 3439 dieunt
567 3399 628 3440 non
646 3399 710 3440 esse
734 3384 892 3443 Ecclesiam
915 3389 946 3443 iu
974 3389 1048 3445 orbo
1102 3385 1171 3442 deur
1187 3384 1387 3457 imperatoris,
1402 3385 1536 3440 invenire
1551 3392 1722 3456 purgatam.

223 3479 369 3530 terrarum
386 3489 393 3526 ε
413 3476 514 3529 ιιιιιιιο
525 3471 605 3528 brevi
620 3472 750 3544 capitulo
763 3476 926 3548 paucisque
939 3478 1047 3544 uerbis,
1136 3476 1164 3531 5.
1181 3476 1360 3546 Quanquam
1371 3478 1399 3529 et
1410 3473 1467 3529 hoo
1481 3474 1505 3529 si
1520 3474 1720 3543 attenderunt,
1737 3482 1777 3543 et,
1787 3478 1873 3551 quod
1888 3478 1927 3537 ta·

224 3568 252 3619 et
262 3560 527 3633 inimicuscapitis,
542 3567 570 3618 et
586 3561 723 3618 inimicus
740 3564 874 3635 corporis
890 3566 1050 3637 repellatur
1102 3564 1156 3621 elle
1166 3565 1269 3628 luerat,
1285 3562 1485 3628 adverterunt,
1499 3563 1529 3618 in
1541 3564 1698 3636 Scripturis
1710 3568 1826 3624 sanctis
1835 3568 1925 3626 Enete

223 3655 263 3720 et,
283 3650 308 3706 sl
322 3650 446 3707 fideliter
459 3650 626 3720 attenderit,
640 3651 816 3723 corrigatur.
1103 3653 1178 3709 siam
1193 3651 1298 3708 Christi
1318 3652 1471 3724 permixtis
1484 3652 1611 3718 slaaniis,
1630 3658 1658 3709 et
1677 3654 1778 3725 palea,
1793 3664 1822 3713 et
1835 3658 1924 3731 pisci·

259 3739 1050 3801 3.Νειιιιειιειειειιιειιιιιιιιειιιεειιιιιιεειιοειιοειειι-
1102 3741 1160 3798 bus
1186 3741 1273 3798 malis
1302 3741 1433 3797 tuturam
1458 3756 1523 3797 esse
1555 3743 1735 3812 promissam
1762 3758 1861 3818 usque
1889 3744 1924 3804 etl

224 3834 255 3886 to
270 3829 367 3898 magis
383 3828 531 3894 dolemus,
546 3835 661 3901 quanto
675 3831 771 3904 magis
790 3846 842 3887 eos
854 3835 1049 3890 constateas-
1103 3839 1221 3903 tempus
1246 3831 1350 3886 messis
1363 3828 1481 3902 (tlottlr.
1501 3845 1562 3898 ιιιι,
1586 3834 1621 3887 rt
1644 3832 1698 3904 ao),
1727 3833 1925 3892 rendlationls

223 3917 879 3991 demSoriptnrasnobiscumtenere,quibus
890 3920 953 3976 heco
966 3936 1047 3995 aper·
1101 3920 1158 3991 (ld.
1175 3935 1215 3986 ιιι,
1236 3920 1287 3988 ιι),
1312 3923 1340 3975 ει
1352 3918 1457 3975 littoris
1473 3918 1530 3989 (ld.
1548 3935 1609 3987 nur,
1627 3924 1671 3987 tl,
1690 3924 1746 3992 le),
1764 3924 1870 3997 utique
1881 3938 1924 3981 eo·

223 4007 337 4063 tissima
352 4006 523 4063 testimonia
542 4009 740 4063 continentur.
758 4008 854 4064 tuder
869 4008 981 4083 quippe
995 4011 1048 4084 qui
1102 4009 1194 4080 gitare
1211 4011 1381 4080 potuerunt,
1396 4008 1512 4064 edumei
1529 4008 1640 4066 malam
1661 4024 1788 4068 causam
1801 4012 1926 4071 Grecilie·

224 4093 700 4163 negantresurrexissechristum.
710 4096 813 4153 saltem
825 4112 886 4154 non
896 4099 1048 4172 accipiunt
1102 4112 1159 4155 nus
1170 4103 1198 4155 et
1212 4097 1380 4170 coepiscopi
1389 4095 1454 4169 ejus
1467 4097 1653 4164 habuissent,
1667 4098 1740 4156 nihil
1753 4116 1808 4157 eos
1822 4103 1925 4176 preju-

224 4181 417 4251 Erangelium
434 4199 441 4238 :
462 4182 511 4239 isti
535 4186 635 4240 autem
655 4184 759 4241 tratres
774 4186 868 4242 nostri
893 4188 1048 4262 utriusque
1102 4187 1201 4244 dicare
1213 4187 1344 4260 potuisse
1357 4185 1422 4242 orbi
1433 4185 1605 4253 christiano,
1621 4202 1713 4260 quem
1729 4191 1809 4247 Deus
1824 4192 1925 4265 paucis
1968 4190 1970 4197 '

222 4270 403 4327 Testamenti
415 4270 589 4327 auctoritate
602 4272 730 4328 devincti
744 4276 816 4328 sunt
826 4290 834 4341 ;
846 4279 875 4330 et
885 4279 1048 4334 tameucri·
1101 4275 1292 4333 credentibus
1304 4280 1385 4332 tauto
1396 4281 1463 4331 ante
1475 4275 1621 4347 promisit,
1633 4281 1661 4334 et
1678 4292 1759 4335 nunc
1772 4279 1878 4338 multis
1890 4282 1926 4339 vl

223 4358 332 4416 minari
347 4373 402 4415 nos
419 4358 524 4416 volunt
534 4358 572 4416 de
591 4360 752 4431 Evangelio
767 4362 886 4429 tradito,
902 4369 930 4420 et
943 4365 1049 4423 nolunt
1101 4364 1241 4422 dentibus
1255 4363 1392 4420 reddidit.
1405 4364 1463 4420 Nisi
1481 4364 1555 4421 torte
1569 4364 1637 4437 plus
1648 4370 1753 4425 eonba
1767 4368 1927 4429 Ecclesiam

223 4446 380 4504 eioredere
396 4447 523 4504 recitato.
540 4447 597 4504 Sed
613 4464 693 4506 nnuc
706 4448 832 4508 tortasse
845 4452 935 4525 hujus
959 4454 1048 4512 oolla·
1103 4454 1195 4511 saluit
1205 4454 1297 4511 homo
1309 4466 1447 4526 peccans,
1461 4468 1555 4526 quam
1570 4469 1627 4526 pro
1639 4454 1772 4513 Ecclesia
1787 4459 1868 4516 lleus
1877 4462 1925 4532 ju·

221 4536 310 4593 tionis
333 4552 406 4593 cura
431 4542 571 4609 suscepta
593 4538 765 4611 diligentlus
781 4543 956 4613 perscrutati
979 4548 1049 4602 sunt
1101 4558 1183 4608 rans,
1197 4542 1375 4616 etiniquitas
1387 4542 1470 4615 quod
1489 4543 1597 4610 amisit,
1616 4560 1710 4617 quam
1724 4548 1927 4623 veritasquod
1968 4556 1970 4605 :

220 4626 388 4698 Scripturas
403 4640 505 4683 sacras
529 4642 536 4693 ;
553 4633 581 4682 ει
600 4630 673 4700 quia
700 4628 729 4684 iu
746 4629 788 4685 ets
815 4629 1048 4691 innumerabilia
1101 4632 1247 4708 promisit,
1260 4634 1326 4688 llaec
1338 4632 1446 4687 sentire
1457 4646 1548 4705 quam
1569 4632 1605 4689 ειι
1620 4631 1742 4690 ειιιιιιιιιι
1757 4642 1788 4693 et
1802 4637 1926 4712 implum

222 4714 391 4771 testimonia
403 4720 585 4786 repererunt,
597 4718 708 4789 quibus
721 4720 870 4790 promissa
889 4726 935 4777 est
949 4722 1048 4778 Eccle-
1099 4722 1164 4795 jam
1179 4720 1304 4778 tortasse
1317 4721 1454 4778 viderunt
1470 4740 1477 4781 :
1495 4723 1700 4793 cogitaverunt
1710 4739 1836 4801 qnoque
1846 4727 1926 4785 dam·

222 4802 268 4859 sia
288 4802 424 4859 luturain
436 4803 578 4861 omnibus
592 4805 742 4875 gentibus,
756 4813 784 4863 et
797 4812 857 4864 toto
870 4807 943 4866 orbe
958 4816 1048 4867 terra·
1101 4816 1189 4867 natos
1203 4809 1649 4868 asellaximianistasl’rimiani
1665 4812 1865 4873 damnatores
1877 4830 1928 4890 par

220 4908 300 4959 rum,
325 4892 400 4949 sicut
418 4908 486 4949 eam
510 4893 594 4950 reddi
618 4902 646 4951 et
670 4897 843 4966 presentari
862 4897 989 4970 coepisse
1016 4901 1046 4956 in
1102 4898 1927 4979 potestateterreuasetlamdebasiliciscurassepallen·

221 4979 382 5053 Evangelio
393 4981 568 5053 etEpistolis
579 4982 761 5055 apostolicis,
771 4985 1046 5062 etinhctibusapo·
1100 4989 1167 5053 dos,
1184 4993 1213 5045 et
1227 4987 1268 5045 ibi
1283 4989 1391 5044 certius
1412 4988 1550 5060 exemplo
1565 5005 1621 5045 suo
1633 4992 1799 5050 recentiore
1817 4993 1927 5053 didies·
1967 5054 1970 5067 ,

221 5070 367 5129 stolorum
383 5070 530 5137 ridemus,
548 5070 596 5128 ubi
609 5078 638 5128 ει
650 5073 715 5146 ipsa
726 5073 801 5141 loca,
817 5082 846 5131 et
858 5077 1003 5145 civitates,
1018 5083 1048 5136 et
1100 5083 1170 5136 runt
1185 5093 1245 5133 non
1265 5091 1332 5133 esse
1356 5082 1524 5149 peccatum,
1541 5079 1565 5134 si
1582 5077 1639 5135 tale
1658 5078 1776 5153 aliquid
1798 5080 1928 5141 Ecclesia

220 5160 379 5234 provincias
394 5159 543 5231 leguntur,
567 5176 620 5233 per
638 5177 715 5234 quas
731 5162 832 5230 crevit,
847 5164 992 5238 incipieus
1007 5167 1047 5225 ab
1101 5172 1205 5225 contra
1226 5166 1352 5223 rebelles
1374 5181 1446 5222 suos
1472 5166 1512 5222 ad
1530 5165 1707 5240 hujusmodi
1728 5172 1927 5242 potestatibus

220 5248 394 5316 Jerusalem,
417 5254 449 5305 ut
470 5246 539 5305 iuda
555 5264 586 5304 se
604 5250 694 5307 etiam
715 5252 744 5306 in
760 5250 887 5310 Africam
912 5270 972 5311 non
989 5256 1046 5313 mi·
1101 5255 1233 5330 postulat
1248 5271 1255 5311 :
1270 5262 1298 5313 et
1311 5254 1392 5328 quod
1407 5253 1525 5328 aliquos
1539 5271 1575 5312 ex
1589 5254 1742 5314 damnatis
1762 5264 1873 5332 postea
1887 5276 1927 5319 re·

220 5337 350 5410 grando,
378 5338 429 5393 sed
446 5336 608 5395 crescendo
631 5337 810 5398 diffunderet
832 5357 839 5407 ;
859 5357 919 5399 nou
945 5349 1046 5402 autem
1100 5349 1253 5419 ceperunt,
1268 5358 1426 5416 quoscum
1440 5342 1632 5411 damnarent,
1647 5344 1714 5402 aliis
1728 5346 1822 5406 etiam
1838 5350 1924 5423 pluri·

219 5424 1047 5507 inveneruntaliquodtestimoniumdivinorumeloquio·
1102 5436 1157 5490 mis
1168 5435 1197 5490 in
1209 5433 1316 5490 eadem
1331 5433 1471 5489 societate
1484 5432 1655 5491 schismatis
1670 5438 1842 5495 constitutis
1856 5438 1926 5495 dile·

221 5513 614 5581 rum,ubidictumesteam
626 5518 1045 5595 perituramdecseterispar-
1101 5523 1213 5579 tionem
1242 5522 1400 5587 dederunt,
1423 5536 1501 5593 quos
1528 5520 1560 5577 in
1593 5522 1765 5581 llaximiaui
1792 5525 1926 5600 sacrilegi

223 5599 303 5659 tibus
319 5602 435 5669 mundt,
451 5610 479 5661 et
492 5604 523 5662 tn
539 5606 604 5665 sola
624 5605 721 5666 lllrica
734 5606 841 5666 Donati
854 5615 939 5683 parte
962 5626 1046 5670 man·
1101 5608 1765 5684 surculicommunioneimpoltutosmsutlsse
1777 5610 1925 5683 dixerunt.
1967 5634 1970 5655 ¹
