3952 6128
123 139 182 200 059

125 265 297 324 exhiberem
308 266 413 325 luciam
423 267 625 334 meamvobis,
638 267 692 325 sed
704 265 889 323 effunderem
902 278 954 320 oor

127 371 229 413 meum
241 357 299 412 ileo
308 371 360 428 pro
369 354 468 425 vobis,
480 361 641 413 etcausam
652 355 754 427 magni
761 352 884 427 periculi
890 367 954 409 ves·

127 444 173 509 tri,
190 459 250 501 non
265 443 347 516 apud
363 459 416 500 vos
426 444 535 509 verbis,
548 444 601 500 sed
612 444 693 517 apud
703 445 797 501 Deum
809 441 953 514 lacrymis

128 548 258 604 agerem,
275 547 314 589 ne
332 538 485 591 convertet
505 534 534 591 in
554 534 666 592 luctum
687 532 832 605 gaudium
851 546 954 588 meum

126 637 188 696 quo
198 620 279 679 soleo
292 622 423 693 gaudere
435 621 474 679 de
486 621 583 690 vobis,
598 623 707 680 etinter
716 626 799 680 tanta
811 619 956 678 scandula

126 711 238 785 quibus
249 711 361 785 ubique
369 712 554 770 abundathic
564 713 696 769 mundus
706 711 872 785 aliquando
886 724 956 766 con·

126 799 229 867 solari,
242 801 377 874 cogitans
391 801 548 873 copiosam
563 801 838 873 congregationem,
851 803 880 856 et
891 814 955 856 oas-

127 887 189 947 tam
204 889 405 956 dilectionem,
421 895 450 947 at
463 896 600 948 sanctam
620 891 875 948 conversationem
891 902 955 945 ves·

126 982 246 1045 tram,et
255 978 547 1052 largioremgratiam
557 976 914 1053 [tei‚qnedataestvobis,
924 978 957 1032 nt

126 1084 188 1126 non
215 1068 312 1125 solum
339 1070 476 1127 carnales
502 1069 623 1140 nuptias
648 1065 888 1136 contemneretis,
910 1080 957 1122 ve·

126 1172 195 1214 rum
210 1156 299 1215 etiam
313 1157 460 1228 eligeretis
472 1157 502 1214 in
515 1158 607 1215 domo
618 1157 788 1215 societatem
799 1154 957 1212 unanimes

126 1245 295 1313 babitandi,
310 1250 341 1303 ut
357 1247 396 1304 sit
409 1247 496 1305 vobis
511 1248 614 1304 anima
628 1262 690 1305 una
705 1251 735 1304 et
748 1261 800 1304 cor
815 1260 910 1304 unum
926 1243 957 1299 in

126 1337 230 1393 baum.

161 1445 191 1499 3.
210 1441 318 1498 liecin
331 1440 414 1500 vobis
424 1424 587 1509 bona,heo
600 1442 650 1499 liei
662 1439 957 1510 doneconsiderans,

127 1529 203 1588 inter
215 1529 327 1588 multas
336 1535 530 1604 tempestates
540 1530 651 1605 quibus
662 1547 698 1589 es
709 1531 776 1589 aliis
787 1530 875 1588 malis
886 1544 959 1604 qua·

126 1620 195 1677 titur
210 1634 261 1676 cor
282 1635 395 1690 merim,
416 1620 490 1677 solet
504 1625 668 1694 utcumque
682 1620 876 1694 requiescere.
891 1618 959 1675 Gur·

129 1708 230 1765 rabotio
245 1708 310 1766 berre
323 1731 334 1780 ‚·
347 1710 408 1781 quis
424 1725 470 1765 voe
482 1709 646 1780 [erinacii
665 1711 762 1767 Sirasio
777 1709 827 1766 illo
844 1724 899 1765 con
917 1711 959 1765 est

130 1813 166 1855 aa
179 1797 231 1854 liro
241 1798 290 1870 qui
302 1799 407 1855 vocavit
419 1813 465 1855 vos
476 1796 576 1862 (Gotot.
591 1815 617 1865 v,
629 1798 668 1870 7).
678 1796 813 1855 Modicum
827 1798 959 1871 {ermom

128 1888 150 1957 (l
160 1886 224 1944 Gor.
239 1902 268 1953 v,
281 1887 326 1956 bl:
340 1886 410 1945 nolo
420 1886 518 1944 dicere
532 1886 616 1960 quod
631 1888 767 1962 coquitur
780 1903 789 1957 ;
804 1886 863 1945 hoc
876 1886 958 1944 enim

129 1976 226 2047 magis
240 1975 342 2048 cupio,
356 1979 387 2033 et
405 1992 469 2044 oro,
491 1982 520 2033 et
534 1976 647 2045 hortor,
664 1982 696 2033 ut
710 1978 812 2050 ipsum
831 1975 959 2034 termen-

129 2070 193 2123 tum
208 2069 397 2122 convertatur
419 2066 450 2122 in
473 2065 590 2133 melius,
609 2082 648 2125 ne
665 2072 727 2124 tota
746 2080 858 2133 mussa,
882 2065 959 2123 sicut

129 2169 206 2226 pene
222 2155 288 2227 jam
310 2153 431 2220 iecerat,
457 2160 647 2212 convertatur
665 2155 696 2211 in
717 2155 815 2228 peius.
836 2153 866 2211 Si
886 2169 958 2225 ergo

127 2240 330 2325 repullulastis
344 2258 578 2317 sanumsapere,
589 2248 671 2303 orate
680 2259 717 2301 ne
727 2244 843 2301 intretis
853 2244 882 2300 iu
896 2247 959 2300 tan-

128 2332 282 2400 tationem,
298 2346 335 2388 ne
345 2332 453 2388 iterum
468 2333 497 2388 in
510 2334 726 2400 contentiones,
740 2332 957 2399 emulationes,

127 2420 344 2486 animositates,
362 2421 581 2490 dissensiones,
605 2422 812 2488 detractiones,
840 2420 959 2478 seditio·

128 2525 193 2577 nes,
210 2509 440 2567 susurrationes.
461 2512 524 2567 Non
540 2510 621 2567 enim
642 2512 683 2566 sic
702 2508 906 2584 plantavimus
930 2514 960 2567 at

129 2597 294 2669 rigavimus
308 2597 428 2655 hortum
443 2597 630 2656 dominicum
646 2599 675 2655 in
689 2600 786 2668 vobis,
804 2603 836 2655 ut
854 2599 959 2671 spinas

129 2693 280 2743 metamus
295 2686 366 2744 istas
388 2702 424 2743 ex
445 2688 540 2744 vobis.
563 2686 594 2743 Si
613 2696 714 2746 autem
736 2688 835 2745 adlruc
861 2692 959 2746 vestra

130 2774 501 2842 tumultuaturiniirmitas,
512 2782 594 2833 orate
609 2781 641 2834 ut
654 2777 800 2834 eruamini
813 2776 851 2833 de
866 2782 958 2834 tenta·

129 2864 307 2931 duneline
329 2869 429 2922 autem
449 2864 629 2923 conturbant
642 2881 707 2931 vos,
724 2867 749 2921 si
764 2866 864 2923 adhuc
883 2881 958 2923 con·

129 2952 250 3011 turbant
266 2969 331 3021 vos,
352 2953 408 3010 nisi
428 2955 611 3011 correxerint
633 2970 674 3021 sc,
697 2954 863 3028 portabunt
879 2954 958 3028 judi·

128 3044 219 3108 cium,
235 3058 434 3117 quecumque
449 3043 505 3100 ille
520 3044 638 3101 luerint.

162 3152 189 3206 4.
206 3150 339 3222 Cogitate
353 3150 427 3224 quid
442 3150 511 3207 mali
525 3151 612 3217 sit,ut
626 3167 695 3207 cum
704 3150 742 3207 de
753 3151 917 3209 Donatistis
926 3151 958 3208 in

128 3239 240 3297 unitata
251 3239 450 3312 gaudeamus,
463 3239 579 3296 interna
594 3239 758 3296 schismata
768 3240 798 3296 in
809 3245 959 3298 monaste·

127 3329 172 3386 rio
182 3328 349 3400 lugeamus.
360 3327 549 3385 Perseverate
557 3328 587 3385 in
596 3328 677 3386 bono
688 3329 852 3403 proposito,
862 3333 891 3386 et
898 3345 958 3386 non

126 3415 334 3474 desiderabitis
347 3421 463 3473 mutare
476 3417 681 3489 prepositum,
692 3432 755 3491 qua
764 3418 795 3474 in
810 3423 959 3475 monaste·

126 3505 170 3562 rio
185 3504 236 3562 illo
251 3521 303 3578 per
318 3509 378 3561 tem
394 3504 504 3562 multos
523 3521 620 3563 annos
635 3511 843 3579 perseverante
861 3511 890 3564 et
904 3523 958 3564 nu·

127 3608 210 3650 mero
225 3599 253 3651 et
265 3598 351 3651 etate
363 3593 514 3658 crevistis;
531 3609 599 3668 que
615 3611 669 3652 vos
681 3600 777 3653 mater
791 3610 852 3652 non
863 3603 956 3665 utero,

128 3681 181 3737 sed
191 3682 294 3739 animo
305 3683 447 3755 suscepit.
461 3683 659 3741 Omnesenim
671 3684 814 3757 queilluc
824 3684 955 3754 venistis,

127 3769 169 3855 ¹ibi
183 3786 251 3829 eum
261 3775 313 3828 aut
325 3776 435 3829 sancte
449 3772 618 3847 preposite
633 3776 728 3831 sorori
740 3790 815 3831 mee
830 3773 958 3832 servien-

128 3865 200 3927 tem,
215 3860 395 3934 plaeentem,
407 3864 459 3918 aut
473 3861 563 3919 etiam
574 3863 672 3935 ipsam
685 3854 877 3938 prepositum
889 3879 957 3938 que

128 3966 182 4008 vos
196 3949 334 4023 suscepit,
345 3950 499 4008 invenistis
513 3968 520 4007 :
533 3952 591 4007 sub
604 3951 654 4008 illa
669 3952 739 4009 estis
752 3952 886 4021 erudite,
899 3952 957 4010 sub

128 4039 181 4096 illa
195 4040 309 4104 velate,
323 4040 380 4096 sub
392 4038 443 4096 ille
458 4039 661 4111 multiplicate
677 4057 684 4107 ;
698 4044 726 4097 el
741 4041 782 4098 sic
798 4041 958 4099 tumultua-

128 4125 214 4194 mini,
228 4132 260 4183 ut
273 4142 309 4183 ea
321 4126 407 4184 vobis
417 4131 556 4192 mutetur,
568 4143 638 4184 cum
651 4128 754 4200 lugere
764 4129 923 4202 deberetis,
933 4131 957 4187 si

128 4230 197 4272 eam
216 4215 303 4272 vobis
323 4220 439 4273 mutare
454 4215 608 4273 vellemus.
625 4220 690 4290 ipsa
707 4221 752 4274 est
763 4218 843 4274 enim
862 4234 956 4291 quam

127 4303 232 4371 nostis,
244 4304 310 4377 ipsa
322 4309 366 4361 est
377 4303 517 4377 adquam
527 4304 659 4373 venistis,
670 4304 737 4379 ipsa
746 4312 790 4363 est
800 4322 893 4381 quam
905 4324 957 4381 per

126 4396 170 4452 tot
177 4408 274 4451 annos
288 4393 429 4451 habendo
438 4393 580 4451 crevistis.
592 4396 708 4452 Novum
717 4411 778 4454 non
789 4396 955 4471 accepistis,

127 4482 183 4541 nisi
192 4484 401 4556 prepositum:
413 4483 494 4540 uutsi
502 4484 724 4557 propteriltium
732 4485 865 4559 queritis
875 4487 957 4543 novi·

127 4577 231 4640 tatem,
245 4578 274 4630 et
287 4572 318 4631 in
333 4572 398 4645 ejus
408 4571 554 4629 invidiam
567 4578 672 4631 contra
684 4580 812 4632 matrem
824 4580 955 4633 vestram

130 4660 172 4716 sic
189 4659 367 4729 rebellastis,
382 4677 436 4717 cur
454 4676 515 4718 non
532 4662 632 4736 potius
648 4661 678 4719 id
698 4663 822 4736 petistis,
841 4669 874 4721 ut
892 4663 956 4737 ipse

128 4747 215 4806 vobis
226 4748 380 4806 mutetur?
393 4750 421 4806 Si
430 4756 529 4808 eutem
539 4750 596 4808 hoc
606 4751 788 4820 exhorretis;
801 4752 874 4827 quia
884 4753 955 4810 novi

128 4837 283 4913 quomodo
294 4852 364 4893 eum
373 4837 405 4894 in
415 4838 529 4896 Christo
538 4839 891 4912 venerabiliterdiligatis,
903 4858 957 4898 cur

128 4941 190 4985 non
206 4927 305 4999 potius
322 4926 403 4983 illam
418 4927 433 4981 ‘i
447 4929 479 4984 ln
497 4927 583 4985 vobis
600 4944 734 5004 namque
756 4929 896 5003 regendis
914 4932 955 4987 sic

128 5014 283 5088 prepositi
297 5015 467 5072 rudimenta
482 5016 649 5084 turbantur,
664 5023 696 5074 ut
712 5021 809 5089 magis
822 5019 890 5076 velit
904 5035 956 5077 vos

125 5105 191 5177 ipse
204 5104 351 5169 deserere,
362 5119 457 5176 quam
468 5105 556 5162 istam
568 5121 605 5162 ex
616 5106 703 5162 vobis
716 5107 829 5165 lamam
842 5115 871 5165 et
883 5108 956 5165 invi·

127 5193 211 5252 diam
228 5194 385 5264 sustinere,
398 5198 429 5250 ut
443 5193 559 5251 dicatur
570 5210 633 5251 uon
646 5211 699 5252 vos
708 5196 798 5255 aliam
811 5198 956 5271 quesitu-

127 5296 177 5339 rss
197 5283 287 5339 tuisse
304 5284 507 5357 prepositum,
524 5283 580 5340 nisi
596 5282 696 5357 ipsum
715 5287 880 5359 cepissetis
900 5288 956 5346 ba-

126 5370 197 5428 bere
213 5371 415 5444 prepositum.
426 5370 607 5445 Tranquillet
622 5387 692 5444 ergo
705 5374 783 5430 Deus
793 5379 822 5431 et
833 5391 955 5449 compo·

129 5465 183 5515 nat
197 5461 314 5517 animos
330 5468 445 5518 vestros
462 5478 469 5529 ;
484 5477 544 5518 non
557 5461 588 5518 in
604 5462 688 5520 vobis
703 5463 864 5536 prevaleat
877 5481 954 5538 opus

131 5547 253 5617 diaboli,
267 5549 319 5605 sed
330 5566 387 5621 pax
400 5551 505 5609 Christi
520 5553 618 5609 vincat
631 5553 660 5608 in
675 5553 817 5610 cordibus
831 5555 953 5613 vestris:

130 5648 187 5696 nec
201 5634 304 5693 dolore
313 5639 414 5707 animi,
427 5640 568 5717 quianon
581 5640 614 5698 iit
625 5638 816 5718 quod'vultis,
827 5643 955 5719 vetqnia

724 176 727 181 ·
769 139 800 198 S.
821 134 1012 198 aunusrnu
1028 136 1195 199 nsiscort
1785 144 1828 211 m

1007 264 1100 334 pudet
1117 264 1246 323 voluisse
1264 266 1347 340 quod
1365 265 1442 326 'velle
1460 282 1523 328 non
1543 268 1705 338 debmstis,
1719 270 1837 331 erubes-

1006 353 1104 411 cendo
1116 355 1239 413 cuuatis
1253 356 1285 413 in
1304 361 1432 415 mortem
1450 372 1458 425 ;
1477 358 1530 416 sed
1544 358 1647 433 potius
1662 360 1836 434 penitendo

1006 443 1166 500 resumatis
1174 443 1837 520 virtutemneclsabeatispoenitentiamlude

1007 530 1166 600 traditoris,
1183 534 1238 590 sed
1252 534 1351 607 potius
1365 534 1518 608 lacrymas
1532 537 1610 596 Petri
1627 539 1770 612 pastoris.

1041 619 1068 674 5.
1079 622 1146 678 tlec
1157 626 1300 696 suntque
1312 623 1514 684 utobservetis
1526 627 1764 701 precipimusin
1780 644 1840 688 mo·

1007 710 1139 768 nestorio
1153 711 1331 770 constitute.
1344 712 1478 772 Primum
1492 716 1718 790 propterquod
1732 717 1840 777 estisin

1008 814 1102 857 unum
1113 806 1313 871 congregate,
1325 806 1355 859 ut
1366 805 1525 862 unanimes
1536 804 1681 864 babitans
1692 805 1726 863 in
1739 806 1839 873 domo,

1008 893 1037 947 et
1050 888 1088 944 eit
1098 887 1186 946 vobis
1201 905 1252 947 oor
1266 897 1400 951 unumst
1413 894 1516 951 anima
1528 910 1590 953 una
1602 896 1635 952 in
1647 895 1725 953 Deo.
1742 897 1775 955 ar
1784 910 1840 955 non

1007 977 1234 1051 dicatisaliquid
1242 981 1637 1052 proprium,sedsintvobis
1645 984 1758 1044 omnia
1766 1000 1841 1043 com·

1010 1066 1114 1124 munia
1123 1084 1129 1123 :
1139 1072 1168 1123 et
1177 1067 1370 1128 distribuatur
1381 1073 1542 1145 unicnique
1555 1076 1696 1131 vestrum
1707 1089 1727 1130 a
1735 1088 1843 1148 prepo-

1009 1155 1066 1213 sita
1082 1160 1179 1213 vestra
1197 1158 1293 1215 victus
1310 1164 1340 1216 et
1356 1164 1561 1234 tegumentum
1578 1179 1587 1230 ς
1602 1177 1668 1220 non
1688 1162 1842 1238 equaliter

1009 1244 1161 1313 omnibus,
1177 1246 1251 1319 quia
1270 1262 1331 1306 non
1349 1249 1504 1322 equaliter
1521 1251 1630 1309 valebs
1649 1267 1774 1321 omnes,
1795 1252 1842 1310 scd

1010 1334 1172 1408 unicuique
1182 1334 1260 1393 sieut
1269 1351 1346 1409 opus
1357 1336 1453 1396 luerit.
1466 1340 1512 1398 Sic
1523 1341 1604 1398 enim
1612 1340 1717 1415 legitis
1731 1341 1762 1399 in
1772 1339 1844 1398 Acti·

1011 1422 1069 1480 bus
1086 1423 1306 1495 Apostolorum,
1332 1427 1404 1496 Ouia
1429 1432 1513 1486 eraut
1534 1429 1576 1486 eis
1594 1431 1698 1487 munio
1722 1446 1844 1488 meru·

1009 1514 1069 1578 oin,
1084 1517 1112 1570 st
1125 1513 1344 1573 distribuebatur
1355 1517 1473 1590 stupetis
1486 1524 1570 1591 prm
1583 1521 1690 1593 auique
1703 1536 1772 1593 opas
1787 1523 1844 1578 erat

1009 1604 1082 1674 (tot.
1097 1620 1136 1672 rv,
1153 1608 1198 1671 Βῆ,
1213 1608 1272 1673 ³5).
1289 1606 1362 1672 oue
1374 1606 1488 1680 aliquid
1500 1608 1659 1667 habebant
1674 1609 1710 1667 in
1725 1609 1841 1678 sermo,

1010 1694 1135 1768 quando
1144 1693 1363 1764 ingrossescunt
1374 1698 1748 1766 monasterium,libenter
1758 1699 1844 1758 veiint

1010 1782 1085 1840 illud
1102 1797 1170 1839 esse
1188 1797 1360 1841 commune.
1380 1785 1454 1851 oue
1472 1792 1573 1843 autem
1593 1802 1658 1845 non
1682 1786 1842 1857 habebant,

1011 1872 1843 1950 ncneaquerantinmonasterio,queneciorislrabere

1010 1965 1185 2034 potuerunt:
1196 1960 1250 2017 sed
1258 1964 1360 2019 tamen
1372 1977 1478 2021 aarum
1492 1962 1664 2023 infirmitati
1676 1964 1843 2041 quodopns

1010 2054 1056 2107 est
1080 2049 1238 2117 tribuetur,
1261 2050 1378 2108 abamsi
1399 2052 1560 2126 pauperies
1579 2068 1707 2122 earnm,
1724 2054 1843 2129 quando

1011 2138 1083 2198 ioris
1096 2143 1192 2210 arent,
1209 2154 1264 2196 nec
1278 2139 1345 2214 ipsa
1359 2141 1533 2199 necessaris
1546 2147 1672 2216 poterat
1689 2143 1841 2211 invenire,

1010 2244 1047 2284 no
1062 2242 1143 2284 nunc
1155 2242 1216 2286 non
1229 2227 1297 2286 ideo
1308 2233 1415 2302 putent
1427 2245 1460 2286 se
1469 2245 1537 2288 esse
1547 2230 1664 2299 leike,
1680 2233 1759 2306 quie
1769 2233 1843 2290 iure

1011 2319 1122 2373 nerunt
1141 2317 1252 2375 victum
1268 2322 1297 2375 et
1310 2323 1530 2389 tegumentum,
1549 2321 1646 2394 quale
1668 2320 1747 2380 ioris
1768 2322 1843 2380 inve-

1011 2404 1075 2462 nire
1089 2420 1153 2463 uon
1166 2410 1341 2479 potuerunt.

1051 2503 1078 2556 e.
1095 2503 1152 2558 llec
1167 2497 1283 2571 erigant
1302 2496 1449 2555 cervicem
1467 2498 1540 2572 quia
1557 2498 1726 2559 sociantur
1743 2501 1796 2567 ais,
1808 2500 1842 2559 nd

1010 2606 1089 2666 quas
1104 2588 1175 2646 ioris
1185 2586 1327 2645 accedere
1338 2601 1399 2644 non
1406 2586 1560 2646 audebant
1573 2605 1581 2656 ;
1593 2588 1650 2646 sed
1662 2605 1791 2648 sursum
1800 2606 1842 2648 eor

1010 2678 1153 2748 babeant,
1163 2682 1193 2734 et
1203 2682 1320 2734 terrena
1330 2675 1412 2734 bone
1420 2691 1482 2733 uon
1491 2681 1644 2750 querant,
1656 2694 1700 2736 ne
1708 2678 1843 2753 incipiant

1011 2767 1194 2827 monasteria
1211 2781 1278 2822 asse
1292 2764 1436 2822 divitibus
1451 2764 1544 2835 utilia,
1559 2780 1624 2824 nou
1647 2768 1842 2842 pauperibus.

1010 2858 1035 2914 si
1049 2857 1156 2915 divites
1165 2855 1225 2912 illic
1236 2853 1443 2921 humiliantur,
1456 2858 1486 2911 et
1499 2869 1656 2927 pauperes
1669 2856 1735 2914 illic
1748 2856 1843 2915 iniian

1012 2953 1069 3004 tur.
1086 2946 1143 3004 aad
1158 2960 1263 3002 rursus
1279 2944 1370 3001 etiem
1388 2942 1446 3000 ille
1461 2959 1531 3016 qne
1550 2943 1670 3017 aliquid
1690 2960 1758 3005 esse
1772 2945 1843 3005 vide

1010 3034 1161 3094 banturin
1171 3032 1290 3099 secuto,
1300 3031 1842 3101 nonhabeanttastidiosororsssnss,

1011 3140 1079 3200 qne
1089 3122 1221 3182 adillam
1232 3124 1368 3181 sensiam
1378 3120 1843 3198 soeeubmexpauperunu-

1011 3217 1121 3272 nerunt
1140 3228 1147 3269 :
1163 3212 1262 3281 magis
1276 3216 1377 3269 autem
1392 3209 1534 3268 studeant
1546 3225 1613 3269 non
1631 3211 1675 3269 de
1692 3218 1843 3286 perenm

1010 3301 1301 3372 divitumdignitats,
1312 3299 1365 3357 sed
1375 3299 1413 3357 de
1422 3314 1594 3372 pauperum
1603 3315 1751 3360 sororum
1761 3303 1844 3360 mie·

1011 3398 1070 3452 tete
1080 3391 1215 3463 gloriari.
1231 3392 1290 3448 ileo
1303 3387 1494 3455 extollantur,
1508 3388 1533 3445 si
1547 3392 1716 3448 communi
1731 3393 1796 3449 rite
1810 3390 1842 3447 de

1010 3482 1072 3538 suis
1090 3478 1282 3538 facultatibus
1302 3477 1417 3551 aliquid
1438 3477 1633 3536 contulerunt
1650 3494 1665 3547 ;,
1678 3495 1720 3540 ne
1738 3479 1842 3540 desub

1009 3569 1119 3628 divitiis
1129 3562 1226 3639 mage
1237 3566 1421 3640 superbient,
1434 3568 1567 3640 quieeas
1580 3570 1775 3627 monaterio
1784 3584 1842 3643 per·

1010 3654 1841 3733 tinntur,quamsieisinseculoiruerentur.Aliaquippa

1009 3761 1210 3821 quecumque
1223 3745 1367 3819 iniquitas
1381 3744 1411 3800 in
1424 3743 1512 3801 malis
1528 3743 1681 3817 operibus
1697 3752 1842 3805 exercetur

1009 3842 1042 3895 ut
1056 3836 1131 3893 flant
1145 3854 1152 3905 ;
1169 3833 1312 3907 superbia
1324 3846 1394 3891 vero
1404 3832 1495 3891 eliam
1505 3832 1598 3890 bonis
1613 3835 1767 3915 operibus
1781 3835 1842 3893 iasi-

1008 3926 1148 3984 diaturut
1158 3927 1283 3997 persam
1293 3923 1417 3997 :etquid
1427 3921 1842 3997 prodestdispergeredando

1009 4013 1195 4087 pauperibus
1209 4017 1238 4070 et
1250 4027 1415 4086 pauperem
1428 4011 1502 4079 lieri,
1515 4010 1542 4068 si
1553 4012 1665 4070 anima
1678 4015 1843 4073 miseraru-

1009 4103 1131 4179 perbior
1141 4101 1287 4162 efficiatur
1300 4100 1533 4168 contemnendo,
1547 4115 1646 4173 quam
1662 4102 1769 4163 iuerat
1781 4118 1844 4178 pos·

1009 4191 1162 4250 sidendoi
1176 4193 1287 4250 Omnes
1307 4205 1379 4261 ergo
1400 4189 1584 4248 unanimiter
1604 4196 1635 4249 et
1656 4193 1844 4252 concorditer

1008 4281 1094 4338 vivite
1107 4299 1116 4353 ;
1132 4285 1161 4338 et
1178 4280 1324 4337 honorate
1339 4279 1370 4336 in
1384 4278 1469 4336 vobis
1487 4277 1619 4337 invicem
1633 4279 1750 4350 Deum,
1761 4282 1843 4354 cuius

1009 4369 1121 4443 templa
1136 4369 1222 4427 laete
1238 4368 1322 4426 estis.

1043 4461 1070 4516 7.
1084 4457 1274 4517 Orationibus
1288 4458 1398 4514 instate
1411 4455 1494 4514 boris
1507 4460 1539 4514 et
1554 4458 1753 4532 temporibus
1764 4474 1843 4517 eone

1009 4548 1109 4607 titulis.
1125 4547 1303 4616 lnioretorio
1313 4560 1403 4604 nemo
1416 4544 1531 4621 aliquid
1543 4552 1628 4618 sest,
1638 4548 1702 4606 nisi
1712 4550 1755 4608 sd
1765 4546 1843 4622 quod

1009 4642 1053 4695 est
1070 4637 1194 4707 iactum,
1214 4636 1338 4694 undeet
1355 4650 1467 4694 nomen
1487 4635 1602 4708 accepit
1618 4657 1625 4703 ς
1643 4641 1680 4695 nt
1696 4638 1723 4694 si
1739 4637 1843 4711 aliqua

1008 4728 1097 4784 etiam
1118 4732 1222 4799 preter
1236 4726 1327 4783 horas
1344 4725 1528 4791 constitutas,
1543 4725 1569 4781 si
1581 4724 1626 4783 eis
1642 4734 1748 4795 vacat,
1762 4742 1842 4785 orare

1007 4816 1163 4883 voluerint,
1185 4830 1246 4873 non
1266 4815 1309 4872 eis
1327 4813 1387 4871 sint
1400 4813 1629 4887 impedimento,
1644 4829 1722 4889 que
1735 4816 1777 4874 ibi
1793 4816 1842 4873 ali·

1007 4904 1082 4979 qnid
1093 4920 1183 4976 apere
1194 4903 1349 4962 voluerint.
1360 4903 1485 4961 Psalmis
1493 4907 1523 4960 et
1531 4902 1657 4976 hymnis
1669 4921 1746 4964 oum
1755 4904 1842 4963 oratis

1009 4996 1113 5058 baum,
1137 4993 1195 5050 hoc
1213 4998 1346 5048 versetur
1369 4992 1400 5048 in
1418 4992 1509 5049 corde
1530 4990 1619 5064 quod
1642 4993 1798 5064 protertur
1814 4998 1840 5049 iu

1008 5097 1080 5139 voce
1093 5080 1238 5138 :etnolite
1249 5085 1381 5147 eenure,
1392 5077 1451 5138 nisi
1462 5078 1547 5152 quod
1556 5077 1657 5151 legitis
1670 5082 1681 5119 ¹
1696 5097 1766 5140 esse
1777 5096 1840 5139 can·

1008 5169 1134 5228 tandum
1146 5189 1155 5238 t
1168 5169 1253 5242 quod
1264 5174 1366 5228 antem
1379 5183 1442 5225 non
1452 5168 1494 5227 ita
1507 5167 1658 5241 seriptum
1670 5175 1721 5229 est
1734 5176 1838 5229 nican-

1009 5264 1094 5326 tetur,
1106 5274 1168 5316 non
1183 5264 1327 5315 cantatur.

1042 5352 1071 5406 8.
1086 5350 1212 5406 Carnem
1228 5353 1357 5405 vestram
1371 5345 1493 5405 domate
1503 5344 1630 5419 jeiuniis
1643 5351 1675 5406 et
1688 5348 1834 5406 abstinen-

1007 5437 1050 5495 tia
1072 5452 1148 5494 esce
1174 5441 1204 5494 et
1225 5441 1325 5509 potus,
1345 5440 1494 5509 quantum
1514 5435 1658 5494 valetudo
1685 5437 1832 5511 permittit.

1007 5526 1135 5594 Quando
1149 5534 1249 5583 autem
1260 5525 1363 5599 alique
1375 5541 1437 5584 non
1450 5530 1548 5600 potest
1559 5524 1715 5601 jejunare,
1730 5542 1789 5586 non
1798 5530 1833 5583 te

1031 5653 1046 5687 '¹
1057 5651 1166 5719 Aliquot
1181 5652 1260 5712 lise,
1277 5651 1383 5721 lepistie.
