3952 6128
169 140 224 202 839

168 273 229 327 tem
244 286 374 339 morere,
393 273 440 332 rel
454 275 597 349 cogitanti
617 275 668 333 tibi
691 275 723 332 in
745 280 877 334 mentem
896 273 999 331 venire

169 364 341 433 potuerunt,
352 367 381 419 et
393 364 424 420 in
439 371 636 437 conspectum
653 381 754 423 meum
765 365 849 422 fusas
863 364 997 438 quodam

171 450 272 507 modo.
290 453 422 517 onerum
450 453 630 511 solutionem
654 456 679 511 si
707 455 795 512 velim
822 453 998 511 disserendo

169 539 319 605 ordinare,
340 556 401 597 non
429 547 461 598 ut
485 545 623 616 carptim,
641 544 717 601 sicut
739 545 896 617 proposita
916 547 997 611 sunt,

170 626 207 683 de
220 627 345 698 singulis
360 629 517 704 disseram,
534 633 587 690 sed
602 634 807 706 unoquodam
821 636 923 690 tenore
939 647 998 688 ser·

109 776 112 783 ,
170 716 270 773 monis
289 732 340 774 eas
364 718 440 777 inter
456 738 487 778 se
509 727 687 781 connectam
714 728 804 796 atque
825 727 996 788 contexam,

171 802 288 862 difficile
310 822 387 879 opus
411 810 546 881 videtur;
570 817 715 870 ettamen
733 817 805 885 puto
820 811 934 869 facilius
946 826 998 867 eas

171 892 257 964 solvi,
278 895 301 951 si
322 896 380 954 boc
395 898 502 957 fecero.
519 903 649 958 luvicenr
670 902 782 975 quippe
797 900 995 973 adjuvabunt,

171 982 196 1040 si
208 983 302 1043 altera
315 989 458 1059 pendebit
470 1006 506 1048 ex
522 991 624 1058 altera,
638 992 734 1048 donec
749 1007 854 1047 omnes
876 990 997 1052 venient

170 1070 202 1129 in
217 1074 324 1132 seriem
338 1077 561 1150 disputationis,
575 1096 635 1137 non
655 1081 827 1151 singillatim
852 1081 998 1154 separatis

171 1161 253 1231 locis,
269 1165 355 1237 quasi
369 1182 559 1242 unaquaeque
573 1170 602 1227 in
625 1185 681 1227 sua
705 1170 822 1242 privata
836 1169 999 1225 intentione

170 1250 292 1322 habitet,
307 1255 467 1314 sedunum
484 1259 597 1332 aliquid
613 1260 771 1328 intuentes,
789 1264 921 1315 etunum
941 1257 999 1315 col-

169 1338 340 1400 laborantes
354 1346 457 1403 sociali
472 1349 598 1417 ratione,
618 1354 646 1407 et
660 1348 816 1406 individua
831 1348 960 1405 ueritate.

207 1430 284 1489 CAP.
311 1434 455 1494 Pillifof.
485 1470 519 1480 -
543 1443 570 1494 ι.
598 1438 722 1495 Voluisti
747 1454 819 1505 ergo
840 1443 868 1496 et
887 1438 998 1509 scripto

171 1525 383 1580 commonuisti
406 1527 513 1597 exponi
542 1533 631 1601 atque
647 1529 754 1598 aperiri
773 1528 835 1594 tibi,
852 1527 926 1600 quid
942 1527 998 1583 sibi

171 1609 243 1667 uelit
261 1627 320 1668 vox
344 1613 394 1670 illa
413 1616 540 1683 Domini,
566 1619 839 1685 [recenseamus
858 1632 949 1684 ineas,
965 1624 998 1674 ut

172 1699 245 1771 qnid
257 1716 303 1758 me
324 1702 576 1777 dereliquisiitet
597 1706 670 1778 quid
687 1707 724 1762 sit
738 1705 821 1778 quod
839 1707 998 1777 Apostolus

173 1788 223 1853 ait,
246 1784 283 1847 Ut
298 1789 331 1846 in
359 1791 509 1851 charitate
530 1796 661 1853 radicati
684 1800 711 1851 et
731 1795 862 1865 fundati,
885 1811 996 1864 prare-

127 1958 131 1965 .
174 1877 259 1935 batis
279 1882 522 1951 comprehendere
551 1900 616 1941 ram
640 1885 776 1941 omnibus
797 1886 910 1942 eunctis
936 1900 999 1956 qua·

122 1964 125 1969 ’
172 1967 226 2023 ιιι»
243 1969 381 2036 latitudo,
411 1973 575 2043 lonqitudo,
600 1974 731 2031 altitudo
763 1981 790 2032 ct
817 1975 997 2044 profundam

173 2055 294 2130 (linies.
322 2075 362 2125 ιιι,
386 2062 431 2132 17)
457 2077 464 2117 :
488 2068 514 2118 ei
545 2079 612 2135 quse
632 2064 691 2119 sint
716 2064 846 2134 virgines
866 2065 998 2137 quinque

173 2145 280 2213 stultoe,
297 2164 404 2220 quaeve
419 2152 566 2223 sepientes
586 2153 707 2221 (Metili.
722 2169 788 2216 xxv,
804 2153 856 2226 il:
881 2159 910 2209 et
930 2169 998 2226 quar

173 2234 233 2291 sint
252 2237 379 2294 tenebrae
396 2241 554 2297 exteriores
570 2241 689 2313 (Murri.
706 2259 773 2309 xru,
792 2247 834 2305 ra)
852 2260 858 2297 :
880 2247 909 2298 et
924 2259 998 2315 quo·

171 2324 264 2382 modo
279 2326 504 2397 intelligendum
527 2331 574 2397 sit,
596 2331 722 2389 Verbum
737 2333 937 2402 cerofarium
956 2336 998 2389 est

171 2411 268 2484 (dean.
298 2430 317 2478 ι,
344 2415 400 2487 ιι).
427 2416 476 2472 tire
496 2422 565 2475 sunt
588 2423 666 2474 certe
690 2418 821 2491 quinque
843 2425 904 2475 tam
934 2421 998 2476 bre·

171 2502 277 2558 sitere
292 2519 339 2559 me
354 2512 608 2571 commemoratae,
621 2523 713 2579 quam
727 2507 782 2563 abs
798 2512 823 2562 te
837 2509 998 2580 propositae

172 2592 352 2662 questiones.
379 2593 507 2650 Proinde
538 2595 562 2651 si
587 2596 694 2668 placet,
717 2596 867 2653 addemus
890 2602 918 2653 et
937 2614 999 2653 sex-

172 2682 244 2743 tam,
261 2685 289 2736 et
303 2679 374 2737 illud
391 2682 580 2754 potissimum
591 2685 791 2757 requiramus,
805 2687 921 2758 quaesit
934 2703 1000 2760 gra·

173 2768 214 2825 tia
228 2769 302 2826 Novi
316 2773 506 2829 Testamenti.
520 2775 603 2830 lianc
619 2790 725 2831 omnes
745 2775 800 2831 illae
816 2776 997 2843 intueantur,

173 2861 202 2914 et
223 2858 254 2914 in
268 2859 358 2928 hanc,
374 2864 407 2916 ut
431 2867 598 2935 opportune
617 2878 746 2936 quaeque
765 2866 904 2937 potuerit,
919 2881 998 2937 opus

173 2963 261 3003 suum
277 2948 409 3007 conferat
428 2951 533 3018 nobis;
546 2967 607 3009 non
622 2968 659 3008 eo
676 2952 787 3009 scilieet
800 2953 915 3019 ordine,
936 2969 997 3027 quo

172 3051 224 3093 ees
246 3040 279 3093 ut
298 3041 329 3094 tu
357 3041 546 3112 proposuisti,
575 3045 604 3098 et
632 3056 688 3113 ego
709 3041 830 3110 recolui,
854 3043 906 3100 sed
927 3058 999 3100 una-

173 3141 300 3200 queque
321 3143 390 3184 cum
406 3127 495 3186 fuerit
508 3132 689 3200 necessarie,
709 3130 791 3188 velut
810 3136 918 3190 vocata
938 3148 998 3189 res·

170 3215 311 3288 pendeat,
328 3221 356 3273 et
379 3217 512 3274 officium
534 3220 579 3275 sui
598 3219 698 3293 operis
719 3219 850 3294 impleat.
868 3224 943 3292 Ergo
957 3221 998 3279 ita

168 3309 310 3361 nascatur
322 3306 490 3363 exordium.

205 3394 319 3451 CAPUT
331 3395 366 3450 11.
381 3426 416 3439 -
436 3400 461 3453 3.
481 3399 529 3454 Est
545 3399 684 3470 quaedam
700 3397 762 3455 vita
783 3398 915 3455 hominis
935 3416 997 3456 ear·

168 3482 289 3541 nalibus
301 3483 439 3540 sensibus
454 3484 617 3557 implicatu,
630 3487 748 3558 gaudiis
761 3487 932 3544 carnalibus
948 3489 998 3545 de·

169 3571 240 3637 dite,
257 3573 409 3630 carnalem
424 3571 555 3643 fugitans
570 3574 780 3643 offensionem,
800 3576 998 3649 voluptatem·

169 3675 229 3733 quc
237 3663 424 3720 consectans.
434 3662 527 3735 Hujus
535 3663 599 3720 vitre
607 3663 734 3722 felicitas
747 3665 920 3736 temporalis
933 3671 995 3723 est:

169 3748 209 3807 ab
223 3749 280 3807 hac
302 3749 362 3807 vita
374 3751 505 3824 incipere
527 3753 711 3810 necessitatis
728 3759 783 3823 est,
798 3755 827 3810 in
843 3770 880 3812 ea
893 3757 998 3827 persis·

169 3842 230 3897 tere
242 3839 415 3897 voluntatis,
436 3843 468 3898 in
483 3841 540 3898 bac
553 3844 666 3916 quippe
681 3859 717 3900 ex
731 3848 815 3901 utero
831 3846 933 3902 matris
953 3846 995 3902 iu·

169 3926 236 3985 fans
251 3927 394 3997 funditur,
413 3930 504 4001 hujus
525 3931 707 3989 ostensiones
730 3937 878 4005 quantum
903 3938 998 4006 potest

168 4018 286 4089 resurgit,
311 4017 401 4089 buius
431 4020 545 4093 appetit
565 4020 749 4092 voluptates;
772 4022 845 4078 nibil
867 4023 998 4095 amplius

168 4105 257 4162 valet.
277 4105 334 4162 Sed
353 4112 550 4181 posteaquam
568 4111 684 4166 uenerit
703 4110 733 4167 in
754 4116 870 4167 aetatem
892 4128 952 4185 qua
967 4112 997 4168 in

169 4206 205 4248 eo
224 4191 347 4249 rationis
362 4211 438 4250 usus
453 4196 581 4265 evigilet,
608 4199 715 4270 poterit
734 4199 839 4270 adjuta
857 4199 998 4256 divinitus

168 4279 321 4339 voluntate
340 4281 448 4355 eligere
468 4284 592 4343 alteram
614 4286 717 4358 ritem,
739 4288 824 4358 cuius
844 4287 874 4344 in
899 4293 997 4345 mente

167 4370 313 4442 gaudium
326 4377 379 4443 est,
396 4373 482 4446 cujus
496 4375 613 4432 interna
632 4382 721 4450 atque
737 4382 848 4435 aterne
860 4376 996 4435 felicitas.

168 4463 249 4517 inest
273 4460 385 4533 quippe
403 4462 520 4521 bomini
550 4464 653 4523 anime
676 4466 843 4534 rationalis,
869 4466 923 4522 sed
950 4466 998 4524 in-

169 4552 260 4606 terest
273 4550 407 4622 ejusdem
419 4553 542 4611 rationis
556 4571 611 4612 usu
623 4557 776 4628 ¹quonam
789 4556 888 4628 potius
897 4555 998 4612 volun-

170 4642 260 4696 tatem
282 4644 454 4709 convertat;
475 4648 574 4700 utrum
590 4643 629 4702 ed
644 4645 725 4702 bone
743 4646 897 4702 exterioris
913 4652 940 4703 et
955 4645 998 4703 in·

169 4726 296 4797 ferioris,
314 4745 354 4786 eu
376 4730 415 4788 ed
434 4732 516 4789 bone
533 4732 681 4792 interioris
706 4735 928 4809 superiorisque
947 4751 999 4794 ne·

170 4820 259 4883 turre;
272 4817 368 4885 idest,
386 4824 486 4879 utrum
501 4822 656 4880 utfruatur
667 4839 792 4897 corpore
807 4830 836 4882 et
851 4829 996 4899 tempore,

169 4906 996 4987 anutfruaturdiriniteteatqueaeternitatednquadem

169 4996 283 5070 quippe
303 4997 460 5056 medietate
476 5000 572 5070 posite
586 5005 642 5067 est,
658 5001 735 5059 infra
749 5017 780 5059 se
801 5002 917 5060 hebens
932 5020 997 5062 cor·

170 5086 305 5160 poralem
323 5091 502 5158 creaturam,
523 5104 615 5162 supra
640 5105 671 5147 se
694 5095 795 5149 aulem
817 5093 862 5148 sui
882 5098 911 5150 et
936 5109 999 5151 cor·

170 5174 252 5247 poris
267 5176 446 5233 Creetorem.

204 5265 232 5320 ι.
245 5264 344 5322 Potest
353 5265 442 5337 igitur
457 5266 560 5325 anima
570 5268 725 5326 rationalis
735 5270 825 5327 etiem
841 5271 998 5345 temporali

169 5369 300 5445 liquetex
314 5373 376 5423 libri
390 5374 470 5441 buius
487 5390 509 5427 c.
526 5378 564 5433 rr,
581 5391 607 5427 n.
626 5379 665 5428 ιι.
681 5378 776 5430 Postea
789 5393 852 5430 vero
876 5380 909 5431 ed
926 5395 998 5445 pres·

172 5432 267 5497 bytern
289 5450 387 5486 munus
406 5443 514 5490 evectus
536 5442 599 5490 est:
617 5441 670 5492 nisi
690 5441 758 5493 forte
779 5441 880 5493 fallitur
896 5443 999 5496 Cassio·

171 5494 263 5551 dorus,
279 5499 324 5560 qui
345 5499 373 5548 in
388 5500 433 5550 lib.
449 5501 482 5552 de
498 5502 555 5552 Dir.
572 5503 654 5562 Lect,
670 5518 692 5554 c.
717 5505 755 5562 td,
779 5504 816 5555 eit
838 5520 906 5571 opus
926 5508 998 5559 istud

170 5570 222 5609 scri
243 5561 301 5609 tum
316 5559 398 5634 fuisse
411 5563 443 5613 ed
452 5565 619 5618 Honoratum
633 5566 829 5633 presbyterum.

202 5622 211 5651 ¹
252 5634 287 5670 es.
297 5621 417 5687 pienque
430 5626 567 5691 sitiendam
577 5630 690 5684 reticuit
702 5645 776 5683 uuus
788 5645 900 5701 quonam
909 5633 998 5699 petius

172 5682 306 5753 uoluntate
315 5691 456 5746 ccccm,

772 212 776 219 ,
803 147 833 206 S.
853 144 1046 206 ndcbsrrrn
1066 144 1228 207 crisconi

1815 146 1871 218 54⁰

1052 278 1081 331 et
1102 273 1250 346 corporali
1272 272 1408 330 felicitate
1429 271 1508 330 bene
1531 273 1584 339 nti,
1600 272 1624 329 si
1644 287 1705 330 non
1720 287 1753 330 ee
1768 269 1885 330 dederit

1052 368 1204 420 creature.
1222 366 1359 420 creatore
1374 362 1521 436 neglecto,
1536 362 1664 419 sedeam
1679 363 1779 435 potins
1790 360 1886 420 felici·

1052 456 1142 510 tatem
1166 453 1265 509 fecerit
1289 453 1399 509 servire
1418 453 1558 517 Creatori,
1578 452 1631 526 qui
1650 457 1678 508 et
1697 453 1796 524 ipsam
1819 467 1885 507 sum

1051 541 1193 599 bonitatis
1211 540 1471 599 abundantissima
1490 539 1628 609 largitate
1652 541 1786 597 donavit.
1801 540 1885 596 Sicut

1051 631 1131 687 enim
1142 629 1224 688 bona
1238 635 1308 687 sunt
1320 631 1422 687 omniu
1433 646 1501 703 quae
1519 630 1629 688 crearit
1649 631 1736 698 Deus,
1759 629 1887 701 abipsa

1052 721 1188 778 rationali
1204 727 1338 778 creature
1357 736 1452 793 usque
1472 721 1510 776 ed
1531 718 1669 775 infimum
1692 734 1801 792 corpus
1817 735 1824 773 :
1842 719 1886 774 ita

1051 810 1195 882 beneagit
1205 810 1292 867 iubis
1303 811 1406 866 anima
1416 809 1612 876 rationalis,si
1627 809 1760 865 ordinem
1773 811 1884 874 servet,

1051 904 1080 957 et
1101 900 1322 970 distinguendo,
1343 899 1492 969 eligendo,
1511 898 1673 972 pendendo
1693 897 1804 954 subdat
1825 896 1886 953 mi-

1051 1005 1126 1047 nore
1138 990 1312 1063 majoribus,
1326 988 1494 1061 corporalia
1507 987 1725 1061 spiritualibus,
1739 987 1885 1044 inferiora

1052 1079 1267 1151 superioribus,
1282 1078 1458 1150 temporalia
1472 1077 1662 1149 sempiternis
1677 1092 1733 1143 ;ne
1748 1076 1885 1149 superio·

1051 1184 1118 1225 rum
1129 1168 1266 1238 neglectu
1282 1173 1310 1224 et
1320 1167 1453 1240 appetitu
1461 1166 1633 1223 inferiorum
1645 1165 1799 1238 (quoniam
1810 1163 1885 1221 binc

1051 1257 1085 1314 fit
1096 1258 1161 1330 ipsa
1177 1257 1315 1330 deterior)
1329 1261 1359 1312 et
1375 1272 1405 1312 se
1428 1261 1457 1314 et
1480 1272 1590 1328 corpus
1608 1272 1697 1311 suum
1714 1254 1811 1311 mittat
1827 1255 1836 1290 ¹
1853 1255 1885 1310 in

1052 1346 1149 1420 pejus,
1170 1346 1223 1403 sed
1240 1347 1339 1418 potius
1356 1345 1496 1402 ordinate
1517 1344 1659 1401 charitate
1681 1360 1712 1399 se
1726 1347 1755 1400 et
1770 1357 1886 1414 corpus

1052 1451 1141 1491 sunm
1158 1439 1312 1491 convertat
1331 1435 1361 1491 in
1379 1435 1493 1490 melius.
1515 1436 1587 1490 Cum
1601 1435 1679 1490 enim
1700 1432 1758 1488 sint
1772 1447 1883 1489 omnes

1052 1524 1227 1581 substantie
1242 1523 1417 1580 naturaliter
1431 1524 1530 1589 bonre,
1547 1523 1620 1579 ordo
1636 1523 1665 1578 in
1682 1522 1725 1578 eis
1739 1521 1884 1578 laudatus

1051 1614 1226 1679 honoratur,
1240 1612 1549 1686 perversitusculpata
1563 1613 1801 1668 damnatur.Nec
1816 1608 1885 1665 effi-

1052 1702 1091 1759 cit
1105 1703 1208 1759 enime
1231 1717 1369 1773 perverse
1392 1706 1477 1758 utens
1492 1701 1646 1765 creaturis,
1669 1703 1701 1756 ut
1720 1697 1885 1754 ordinatio·

1051 1806 1122 1848 nem
1137 1790 1261 1861 effugiat
1273 1791 1433 1857 Creatoris;
1447 1789 1623 1863 quoniamsi
1638 1788 1688 1844 illa
1700 1787 1778 1844 male
1790 1787 1885 1843 utitur

1053 1881 1150 1946 bonis,
1165 1880 1212 1937 ille
1228 1881 1300 1936 bene
1317 1879 1410 1936 utitur
1422 1881 1512 1938 etiam
1525 1879 1612 1935 malis
1628 1896 1635 1935 :
1651 1893 1686 1934 ac
1696 1893 1749 1950 per
1758 1877 1816 1933 hoc
1833 1874 1886 1931 illa

1052 1986 1192 2044 perverse
1208 1971 1294 2027 bonis
1305 1971 1416 2026 utendo
1429 1970 1461 2025 tit
1472 1969 1563 2034 mala,
1581 1968 1628 2024 illc
1642 1968 1777 2024 ordinate
1790 1964 1885 2021 etiam

1053 2059 1140 2117 melis
1154 2060 1264 2117 utendo
1281 2064 1434 2132 permanet
1445 2060 1552 2114 bonus.
1570 2059 1622 2124 Oui
1636 2056 1717 2113 enim
1732 2056 1842 2127 injuste
1850 2069 1884 2111 se

1052 2151 1171 2207 ordinat
1185 2150 1215 2206 in
1229 2150 1371 2222 peccetis,
1385 2150 1465 2220 juste
1480 2148 1636 2205 ordinatur
1651 2148 1681 2202 in
1695 2146 1800 2218 poenis.

1088 2244 1114 2297 5,
1131 2239 1240 2295 Valens
1250 2240 1350 2311 itaque
1365 2242 1442 2294 fleus
1458 2237 1614 2294 ostendere
1626 2236 1716 2292 etiam
1731 2241 1885 2290 terrenam

1053 2328 1310 2401 temporalemque
1324 2327 1491 2384 felicitatem
1508 2343 1595 2382 suum
1608 2325 1723 2380 donum
1737 2338 1813 2392 esse,
1826 2338 1886 2378 nec

1052 2417 1174 2474 aliunde
1187 2417 1245 2473 uisi
1260 2418 1376 2489 abipso
1389 2421 1499 2489 sperari
1512 2420 1659 2488 oportere,
1669 2412 1817 2486 prioribus
1830 2427 1885 2467 see·

1053 2507 1110 2563 cuii
1140 2507 1325 2577 temporibus
1346 2505 1584 2578 dispensandum
1608 2502 1756 2574 judicavit
1784 2502 1884 2558 Teste·

1051 2602 1186 2652 mentum
1202 2598 1299 2663 Vetus,
1310 2595 1392 2667 quod
1406 2595 1564 2668 pertineret
1577 2594 1614 2650 ad
1631 2593 1784 2649 hominem
1800 2596 1883 2647 rete·

1051 2699 1124 2749 rem,
1145 2700 1239 2757 aquo
1256 2684 1314 2740 ista
1329 2684 1387 2740 vita
1403 2699 1521 2739 necesse
1536 2687 1579 2738 est
1594 2680 1725 2753 incipiat.
1744 2678 1801 2736 Sed
1820 2677 1882 2735 illae

1050 2773 1207 2832 felicitates
1228 2778 1359 2846 petrum,
1376 2774 1424 2830 Dei
1441 2772 1586 2830 beneficio
1605 2786 1755 2827 concessae
1770 2768 1881 2842 praedi·

1050 2868 1163 2929 centur,
1177 2863 1317 2935 quamvis
1333 2863 1372 2918 ad
1392 2863 1481 2918 istum
1494 2861 1585 2917 vitam
1601 2859 1802 2916 transitoriam
1815 2873 1883 2930 per-

1050 2952 1185 3009 tinentes.
1202 2951 1253 3008 lile
1268 2952 1379 3025 quippe
1396 2957 1510 3008 terrene
1530 2965 1658 3006 munera
1672 2950 1701 3005 in
1721 2948 1882 3005 manifesto

1050 3040 1301 3114 promittebantur
1315 3045 1343 3097 et
1364 3040 1586 3106 tribuebantur;
1598 3039 1626 3095 in
1641 3037 1757 3095 occulto
1777 3042 1881 3093 autem

1049 3130 1106 3188 illis
1120 3131 1262 3187 omnibus
1277 3131 1363 3186 rebus
1376 3131 1494 3187 Novum
1512 3131 1734 3186 Testamentum
1750 3127 1881 3197 figurate

1051 3219 1320 3292 praenuntiabatur,
1345 3222 1375 3274 et
1400 3218 1574 3291 cupiebatur
1594 3216 1787 3286 intelligentia
1803 3230 1881 3288 pan-

1050 3324 1164 3374 corum,
1178 3324 1253 3381 quos
1272 3308 1378 3365 eedem
1393 3308 1490 3380 gratia
1505 3307 1680 3379 prophetico
1696 3321 1819 3361 munere
1835 3303 1883 3360 di·

1050 3413 1127 3468 gnos
1151 3396 1270 3455 feceret.
1300 3397 1518 3470 Dispensabaut
1541 3411 1612 3466 ergo
1635 3395 1674 3451 ilii
1700 3395 1795 3451 sancti
1823 3409 1882 3465 pro

1049 3487 1245 3558 congruentia
1265 3485 1407 3558 temporis
1426 3489 1648 3542 Testamentum
1672 3485 1770 3550 Vetus,
1791 3482 1884 3556 perti·

1048 3575 1161 3634 nebant
1188 3590 1258 3631 vero
1291 3575 1330 3631 ad
1353 3578 1574 3632 Testamentum
1605 3578 1731 3631 Novum.
1752 3576 1827 3630 Nam
1853 3579 1883 3628 ct

1049 3664 1173 3739 quando
1193 3663 1384 3737 temporalem
1399 3664 1567 3721 felicitatem
1582 3663 1721 3733 egebant,
1736 3669 1882 3719 eternam

1049 3770 1153 3811 reram
1168 3758 1196 3810 et
1208 3752 1425 3826 preferendam
1445 3752 1665 3823 intelligebant:
1682 3757 1711 3809 et
1723 3753 1810 3808 istam
1826 3752 1883 3808 mi·

1051 3843 1219 3901 nistrabant
1232 3844 1261 3899 in
1278 3843 1430 3915 mysterio,
1444 3848 1476 3899 ut
1490 3841 1570 3899 illam
1585 3846 1840 3914 consequerentur
1850 3842 1882 3899 in

1051 3933 1262 4006 premensi
1274 3931 1399 4004 quande
1411 3932 1599 4004 patiebantur
1617 3932 1755 3995 adversa,
1772 3929 1883 3987 adhoc

1052 4023 1254 4096 patiebantur,
1269 4025 1301 4078 ut
1313 4021 1539 4078 evidentissime
1552 4020 1655 4077 divino
1675 4019 1827 4091 adjutorio
1847 4020 1882 4075 ti-

1051 4110 1155 4176 berali,
1170 4109 1370 4183 glorificarent
1385 4109 1489 4176 Deum,
1504 4110 1641 4165 omnium
1654 4109 1803 4165 bonorum
1821 4107 1882 4165 lar·

1050 4201 1186 4272 gitorem,
1201 4215 1262 4257 non
1282 4199 1381 4256 solum
1396 4199 1646 4271 sempiternorum
1666 4214 1732 4270 quoe
1751 4199 1799 4269 pie
1815 4214 1882 4271 spe·

1049 4290 1168 4356 rabant,
1186 4305 1289 4344 verum
1300 4289 1391 4346 etiem
1402 4288 1611 4360 temporalium
1624 4303 1691 4360 quas
1706 4285 1881 4360 prophetice

1050 4378 1271 4455 gubernabant.

1087 4469 1199 4526 CAPUT
1209 4468 1254 4523 tlt.
1266 4499 1301 4508 -
1313 4471 1339 4524 θ.
1356 4468 1430 4524 Cam
1443 4472 1540 4524 cutem
1552 4467 1627 4523 uenit
1637 4465 1879 4535 plenitudotenr-

1048 4558 1140 4631 pcrir.
1158 4561 1190 4614 ut
1204 4557 1298 4627 gratia
1319 4571 1387 4629 quar
1402 4554 1609 4612 occultabatur
1623 4555 1653 4611 iu
1670 4554 1763 4611 Veteri
1776 4558 1881 4612 Testa·

1051 4651 1162 4713 mento,
1180 4647 1249 4719 jam
1267 4646 1448 4702 revelaretur
1470 4644 1500 4701 in
1523 4644 1616 4710 Novo,
1639 4645 1719 4700 irrisit
1740 4645 1815 4701 Deus
1830 4644 1880 4700 Fi·

1051 4736 1123 4793 liam
1138 4751 1234 4801 saum,
1246 4736 1363 4805 sertum
1376 4748 1412 4791 ec
1424 4733 1636 4805 mutieretdct.
1648 4750 1686 4800 rr,
1699 4735 1742 4806 ι);
1756 4749 1818 4806 quo
1827 4748 1881 4790 no·

1051 4825 1141 4891 mine,
1160 4824 1338 4897 proprietate
1350 4822 1498 4879 hebraicae
1518 4823 1640 4893 linguae,
1654 4824 1754 4879 omnis
1765 4822 1880 4879 femina

1051 4920 1252 4987 nuncupatur,
1279 4913 1342 4969 sire
1363 4913 1427 4969 viro
1455 4914 1576 4980 intacta,
1603 4912 1666 4968 sive
1686 4913 1752 4984 jam
1775 4914 1878 4968 mixte.

1051 5004 1145 5073 Quem
1169 5007 1270 5060 autem
1291 5001 1389 5058 Titium
1416 5002 1536 5070 miserit,
1554 5001 1676 5073 flerique
1695 5017 1732 5058 ex
1755 5000 1879 5057 muliere

1051 5092 1184 5161 voluerit,
1195 5096 1327 5164 quantus
1337 5089 1384 5147 ille
1399 5093 1474 5145 lieus
1486 5090 1580 5162 sitqui
1591 5090 1668 5146 hanc
1678 5089 1879 5147 bumilitatem

1050 5197 1105 5255 pro
1126 5180 1221 5238 salute
1241 5178 1375 5237 fidelium
1395 5180 1544 5250 suscipere
1564 5179 1706 5251 dignatus
1727 5178 1826 5245 fuerit,
1847 5182 1880 5234 ut

1051 5286 1210 5343 agnoscas,
1222 5285 1303 5326 nunc
1316 5268 1435 5325 attende
1449 5268 1643 5342 Evangelium
1658 5285 1665 5324 ε
1678 5268 1715 5324 fn
1728 5268 1879 5340 principio

1050 5364 1115 5418 εναι
1132 5360 1264 5426 Votum,
1282 5365 1309 5415 et
1327 5358 1453 5415 Verbum
1468 5365 1532 5415 cren
1548 5357 1628 5428 epac
1645 5358 1750 5424 Deum,
1762 5363 1790 5415 et
1801 5359 1879 5415 Dera

1050 5457 1114 5510 erut
1134 5451 1280 5508 Verium:
1300 5449 1355 5506 bor
1368 5456 1430 5506 erat
1444 5449 1475 5504 in
1499 5448 1649 5518 principio
1663 5449 1747 5519 apud
1772 5451 1877 5505 Deam.

1052 5540 1159 5599 Omnia
1180 5554 1235 5610 per
1254 5539 1351 5610 ipsum
1371 5539 1452 5608 sacta
1468 5542 1546 5598 sunt.
1563 5545 1590 5596 et
1609 5538 1672 5597 sine
1686 5538 1878 5609 inresectum

1082 5690 1178 5747 ¹tinus
1194 5707 1209 5746 e
1223 5693 1309 5746 Tatio.
1324 5692 1530 5751 bicameratio
1544 5693 1626 5758 price.
