<?xml version="1.0" encoding="UTF-8"?>
<!DOCTYPE html PUBLIC "-//W3C//DTD XHTML 1.0 Transitional//EN"
    "http://www.w3.org/TR/xhtml1/DTD/xhtml1-transitional.dtd">
<html xmlns="http://www.w3.org/1999/xhtml" xml:lang="en" lang="en">
 <head>
  <title>
</title>
<meta http-equiv="Content-Type" content="text/html;charset=utf-8" />
  <meta name='ocr-system' content='tesseract 3.04.00' />
  <meta name='ocr-capabilities' content='ocr_page ocr_carea ocr_par ocr_line ocrx_word'/>
</head>
<body>
  <div class='ocr_page' id='page_1' title='image "./patrologiaecurs05saingoog_0181.png"; bbox 0 0 3952 6128; ppageno 0'>
   <div class='ocr_carea' id='block_1_1' title="bbox 136 130 963 314">
    <p class='ocr_par' dir='ltr' id='par_1_1' title="bbox 136 130 963 314">
     <span class='ocr_line' id='line_1_1' title="bbox 136 130 189 191; baseline 0 0"><span class='ocrx_word' id='word_1_1' title='bbox 136 130 189 191; x_wconf 67' lang='grc' dir='ltr'><em>ΒΜ</em></span> 
     </span>
     <span class='ocr_line' id='line_1_2' title="bbox 136 237 963 314; baseline -0.005 -19"><span class='ocrx_word' id='word_1_2' title='bbox 136 237 192 296; x_wconf 84' lang='lat' dir='ltr'><em>bien</em></span> <span class='ocrx_word' id='word_1_3' title='bbox 205 246 285 314; x_wconf 79' lang='lat' dir='ltr'><em>atque</em></span> <span class='ocrx_word' id='word_1_4' title='bbox 301 238 456 314; x_wconf 86' lang='lat' dir='ltr'><em>Seropbiin,</em></span> <span class='ocrx_word' id='word_1_5' title='bbox 476 244 502 294; x_wconf 91' lang='lat' dir='ltr'><em>et</em></span> <span class='ocrx_word' id='word_1_6' title='bbox 518 244 633 311; x_wconf 79' lang='lat' dir='ltr'><em>quoluor</em></span> <span class='ocrx_word' id='word_1_7' title='bbox 647 237 705 295; x_wconf 88' lang='lat' dir='ltr'><em>illis</em></span> <span class='ocrx_word' id='word_1_8' title='bbox 715 237 891 305; x_wconf 88' lang='lat' dir='ltr'><em>animalibus,</em></span> <span class='ocrx_word' id='word_1_9' title='bbox 903 250 963 292; x_wconf 89' lang='lat' dir='ltr'><em>occe</em></span> 
     </span>
    </p>
   </div>
   <div class='ocr_carea' id='block_1_2' title="bbox 41 328 961 402">
    <p class='ocr_par' dir='ltr' id='par_1_2' title="bbox 41 328 961 402">
     <span class='ocr_line' id='line_1_3' title="bbox 41 328 961 402; baseline -0.009 -14"><span class='ocrx_word' id='word_1_10' title='bbox 41 382 44 387; x_wconf 92' lang='lat'><em>.</em></span> <span class='ocrx_word' id='word_1_11' title='bbox 132 338 264 402; x_wconf 83' lang='lat' dir='ltr'><em>perpetuo</em></span> <span class='ocrx_word' id='word_1_12' title='bbox 276 332 442 387; x_wconf 68' lang='lat' dir='ltr'><em>concinentes</em></span> <span class='ocrx_word' id='word_1_13' title='bbox 453 328 556 392; x_wconf 86' lang='lat' dir='ltr'><em>dicant,</em></span> <span class='ocrx_word' id='word_1_14' title='bbox 565 329 716 396; x_wconf 79' lang='lat' dir='ltr'><em>«Sanctus,</em></span> <span class='ocrx_word' id='word_1_15' title='bbox 728 337 832 391; x_wconf 88' lang='lat' dir='ltr'><em>santus,</em></span> <span class='ocrx_word' id='word_1_16' title='bbox 843 331 961 390; x_wconf 73' lang='lat' dir='ltr'><em>candus,</em></span> 
     </span>
    </p>
   </div>
   <div class='ocr_carea' id='block_1_3' title="bbox 103 413 962 5582">
    <p class='ocr_par' dir='ltr' id='par_1_3' title="bbox 133 413 962 490">
     <span class='ocr_line' id='line_1_4' title="bbox 133 413 962 490; baseline -0.007 -14"><span class='ocrx_word' id='word_1_17' title='bbox 133 420 266 477; x_wconf 89' lang='lat' dir='ltr'><em>Dominus</em></span> <span class='ocrx_word' id='word_1_18' title='bbox 280 421 352 474; x_wconf 87' lang='lat' dir='ltr'><em>Deus</em></span> <span class='ocrx_word' id='word_1_19' title='bbox 369 416 480 473; x_wconf 89' lang='lat' dir='ltr'><em>sabaotb</em></span> <span class='ocrx_word' id='word_1_20' title='bbox 496 438 507 467; x_wconf 82' lang='lat' dir='ltr'><em>i</em></span> <span class='ocrx_word' id='word_1_21' title='bbox 525 417 601 490; x_wconf 87' lang='lat' dir='ltr'><em>(lsai.</em></span> <span class='ocrx_word' id='word_1_22' title='bbox 632 435 670 490; x_wconf 84' lang='lat' dir='ltr'><em>vi,</em></span> <span class='ocrx_word' id='word_1_23' title='bbox 694 422 721 485; x_wconf 83' lang='grc'><em>3,</em></span> <span class='ocrx_word' id='word_1_24' title='bbox 737 425 762 474; x_wconf 90' lang='lat' dir='ltr'><em>el</em></span> <span class='ocrx_word' id='word_1_25' title='bbox 774 419 858 490; x_wconf 81' lang='lat' dir='ltr'><em>Apoe.</em></span> <span class='ocrx_word' id='word_1_26' title='bbox 874 431 912 482; x_wconf 86' lang='lat' dir='ltr'><em>iv,</em></span> <span class='ocrx_word' id='word_1_27' title='bbox 929 413 962 471; x_wconf 84' lang='grc'><em>8-</em></span> 
     </span>
    </p>

    <p class='ocr_par' dir='ltr' id='par_1_4' title="bbox 137 506 520 581">
     <span class='ocr_line' id='line_1_5' title="bbox 137 506 520 581; baseline -0.01 -15"><span class='ocrx_word' id='word_1_28' title='bbox 137 509 191 581; x_wconf 84' lang='lat' dir='ltr'><em>to),</em></span> <span class='ocrx_word' id='word_1_29' title='bbox 206 515 231 564; x_wconf 88' lang='lat' dir='ltr'><em>el</em></span> <span class='ocrx_word' id='word_1_30' title='bbox 244 507 351 579; x_wconf 85' lang='lat' dir='ltr'><em>reliqua</em></span> <span class='ocrx_word' id='word_1_31' title='bbox 364 523 424 579; x_wconf 77' lang='lat' dir='ltr'><em>quie</em></span> <span class='ocrx_word' id='word_1_32' title='bbox 438 506 520 562; x_wconf 91' lang='lat' dir='ltr'><em>nosti.</em></span> 
     </span>
    </p>

    <p class='ocr_par' dir='ltr' id='par_1_5' title="bbox 132 593 962 2455">
     <span class='ocr_line' id='line_1_6' title="bbox 168 593 961 669; baseline -0.005 -17"><span class='ocrx_word' id='word_1_33' title='bbox 168 602 194 652; x_wconf 85' lang='lat'><em>7.</em></span> <span class='ocrx_word' id='word_1_34' title='bbox 211 598 269 652; x_wconf 85' lang='lat' dir='ltr'><em>Hac</em></span> <span class='ocrx_word' id='word_1_35' title='bbox 279 603 317 651; x_wconf 90' lang='lat' dir='ltr'><em>est</em></span> <span class='ocrx_word' id='word_1_36' title='bbox 331 613 394 669; x_wconf 70' lang='lat' dir='ltr'><em>erpo</em></span> <span class='ocrx_word' id='word_1_37' title='bbox 409 595 479 667; x_wconf 82' lang='lat' dir='ltr'><em>quod</em></span> <span class='ocrx_word' id='word_1_38' title='bbox 491 612 588 668; x_wconf 71' lang='lat' dir='ltr'><em>coenus</em></span> <span class='ocrx_word' id='word_1_39' title='bbox 598 603 622 652; x_wconf 90' lang='lat' dir='ltr'><em>el</em></span> <span class='ocrx_word' id='word_1_40' title='bbox 632 613 737 669; x_wconf 85' lang='lat' dir='ltr'><em>pauper</em></span> <span class='ocrx_word' id='word_1_41' title='bbox 751 613 814 668; x_wconf 83' lang='lat' dir='ltr'><em>erpo</em></span> <span class='ocrx_word' id='word_1_42' title='bbox 832 595 879 652; x_wconf 88' lang='lat' dir='ltr'><em>ille</em></span> <span class='ocrx_word' id='word_1_43' title='bbox 894 593 961 649; x_wconf 89' lang='lat' dir='ltr'><em>insi-</em></span> 
     </span>
     <span class='ocr_line' id='line_1_7' title="bbox 133 686 961 760; baseline -0.004 -17"><span class='ocrx_word' id='word_1_44' title='bbox 133 688 210 760; x_wconf 88' lang='lat' dir='ltr'><em>piens</em></span> <span class='ocrx_word' id='word_1_45' title='bbox 224 694 249 744; x_wconf 92' lang='lat' dir='ltr'><em>et</em></span> <span class='ocrx_word' id='word_1_46' title='bbox 260 689 397 759; x_wconf 84' lang='lat' dir='ltr'><em>paruulus</em></span> <span class='ocrx_word' id='word_1_47' title='bbox 411 694 484 754; x_wconf 87' lang='lat' dir='ltr'><em>tuus,</em></span> <span class='ocrx_word' id='word_1_48' title='bbox 490 704 566 760; x_wconf 79' lang='lat' dir='ltr'><em>quein</em></span> <span class='ocrx_word' id='word_1_49' title='bbox 576 694 608 744; x_wconf 91' lang='lat' dir='ltr'><em>ut</em></span> <span class='ocrx_word' id='word_1_50' title='bbox 617 688 810 760; x_wconf 83' lang='lat' dir='ltr'><em>cerussapiens</em></span> <span class='ocrx_word' id='word_1_51' title='bbox 818 686 961 759; x_wconf 76' lang='lat' dir='ltr'><em>p&#39;erreeon·</em></span> 
     </span>
     <span class='ocr_line' id='line_1_8' title="bbox 133 774 961 850; baseline -0.002 -18"><span class='ocrx_word' id='word_1_52' title='bbox 133 778 225 847; x_wconf 79' lang='lat' dir='ltr'><em>sumti,</em></span> <span class='ocrx_word' id='word_1_53' title='bbox 241 794 306 850; x_wconf 77' lang='lat' dir='ltr'><em>rapo</em></span> <span class='ocrx_word' id='word_1_54' title='bbox 323 784 355 833; x_wconf 92' lang='lat' dir='ltr'><em>ut</em></span> <span class='ocrx_word' id='word_1_55' title='bbox 369 794 409 833; x_wconf 93' lang='lat' dir='ltr'><em>me</em></span> <span class='ocrx_word' id='word_1_56' title='bbox 428 777 569 833; x_wconf 86' lang='lat' dir='ltr'><em>seientiam</em></span> <span class='ocrx_word' id='word_1_57' title='bbox 584 777 624 832; x_wconf 86' lang='lat' dir='ltr'><em>oei</em></span> <span class='ocrx_word' id='word_1_58' title='bbox 638 777 791 849; x_wconf 74' lang='lat' dir='ltr'><em>opinionem</em></span> <span class='ocrx_word' id='word_1_59' title='bbox 818 774 961 848; x_wconf 80' lang='lat' dir='ltr'><em>superbio</em></span> 
     </span>
     <span class='ocr_line' id='line_1_9' title="bbox 134 864 961 939; baseline -0.005 -16"><span class='ocrx_word' id='word_1_60' title='bbox 134 872 209 923; x_wconf 87' lang='lat' dir='ltr'><em>tuam</em></span> <span class='ocrx_word' id='word_1_61' title='bbox 221 866 397 939; x_wconf 83' lang='lat' dir='ltr'><em>doceas(quia</em></span> <span class='ocrx_word' id='word_1_62' title='bbox 408 867 463 922; x_wconf 85' lang='lat' dir='ltr'><em>scio</em></span> <span class='ocrx_word' id='word_1_63' title='bbox 474 873 498 922; x_wconf 89' lang='lat' dir='ltr'><em>te</em></span> <span class='ocrx_word' id='word_1_64' title='bbox 506 865 694 923; x_wconf 85' lang='lat' dir='ltr'><em>illuminatum</em></span> <span class='ocrx_word' id='word_1_65' title='bbox 703 868 807 939; x_wconf 89' lang='lat' dir='ltr'><em>spiritu</em></span> <span class='ocrx_word' id='word_1_66' title='bbox 817 864 961 922; x_wconf 83' lang='lat' dir='ltr'><em>revelatio·</em></span> 
     </span>
     <span class='ocr_line' id='line_1_10' title="bbox 133 954 960 1029; baseline -0.001 -18"><span class='ocrx_word' id='word_1_67' title='bbox 133 957 179 1012; x_wconf 90' lang='lat' dir='ltr'><em>nis</em></span> <span class='ocrx_word' id='word_1_68' title='bbox 189 955 223 1011; x_wconf 91' lang='lat' dir='ltr'><em>ab</em></span> <span class='ocrx_word' id='word_1_69' title='bbox 237 957 296 1029; x_wconf 88' lang='lat' dir='ltr'><em>ipso</em></span> <span class='ocrx_word' id='word_1_70' title='bbox 307 956 406 1012; x_wconf 79' lang='lat' dir='ltr'><em>ducent</em></span> <span class='ocrx_word' id='word_1_71' title='bbox 420 957 493 1027; x_wconf 73' lang='lat' dir='ltr'><em>tante</em></span> <span class='ocrx_word' id='word_1_72' title='bbox 506 957 683 1027; x_wconf 88' lang='lat' dir='ltr'><em>sapientium,</em></span> <span class='ocrx_word' id='word_1_73' title='bbox 694 963 726 1012; x_wconf 87' lang='lat' dir='ltr'><em>ul</em></span> <span class='ocrx_word' id='word_1_74' title='bbox 737 959 806 1011; x_wconf 88' lang='lat' dir='ltr'><em>sicul</em></span> <span class='ocrx_word' id='word_1_75' title='bbox 816 954 960 1028; x_wconf 70' lang='lat' dir='ltr'><em>preterito</em></span> 
     </span>
     <span class='ocr_line' id='line_1_11' title="bbox 133 1044 960 1119; baseline -0.002 -18"><span class='ocrx_word' id='word_1_76' title='bbox 133 1046 289 1119; x_wconf 77' lang='lat' dir='ltr'><em>copnooisti,</em></span> <span class='ocrx_word' id='word_1_77' title='bbox 302 1053 327 1101; x_wconf 89' lang='lat' dir='ltr'><em>et</em></span> <span class='ocrx_word' id='word_1_78' title='bbox 337 1045 573 1117; x_wconf 78' lang='lat' dir='ltr'><em>praesentiooides,</em></span> <span class='ocrx_word' id='word_1_79' title='bbox 587 1047 628 1102; x_wconf 91' lang='lat' dir='ltr'><em>ito</em></span> <span class='ocrx_word' id='word_1_80' title='bbox 639 1044 760 1102; x_wconf 88' lang='lat' dir='ltr'><em>etionide</em></span> <span class='ocrx_word' id='word_1_81' title='bbox 772 1045 878 1115; x_wconf 69' lang='lat' dir='ltr'><em>suturis</em></span> <span class='ocrx_word' id='word_1_82' title='bbox 888 1044 960 1100; x_wconf 77' lang='lat' dir='ltr'><em>asti-</em></span> 
     </span>
     <span class='ocr_line' id='line_1_12' title="bbox 133 1133 961 1206; baseline -0.004 -15"><span class='ocrx_word' id='word_1_83' title='bbox 133 1151 188 1191; x_wconf 94' lang='lat' dir='ltr'><em>mes</em></span> <span class='ocrx_word' id='word_1_84' title='bbox 197 1135 219 1206; x_wconf 88' lang='lat'><em>¹)</em></span> <span class='ocrx_word' id='word_1_85' title='bbox 232 1151 244 1200; x_wconf 90' lang='lat'><em>;</em></span> <span class='ocrx_word' id='word_1_86' title='bbox 258 1135 325 1206; x_wconf 83' lang='lat' dir='ltr'><em>quid</em></span> <span class='ocrx_word' id='word_1_87' title='bbox 336 1134 479 1190; x_wconf 87' lang='lat' dir='ltr'><em>oenseosde</em></span> <span class='ocrx_word' id='word_1_88' title='bbox 492 1134 536 1189; x_wconf 84' lang='lat' dir='ltr'><em>bis</em></span> <span class='ocrx_word' id='word_1_89' title='bbox 547 1135 690 1191; x_wconf 74' lang='lat' dir='ltr'><em>celestium</em></span> <span class='ocrx_word' id='word_1_90' title='bbox 703 1141 906 1198; x_wconf 88' lang='lat' dir='ltr'><em>creaturarum,</em></span> <span class='ocrx_word' id='word_1_91' title='bbox 921 1133 961 1188; x_wconf 90' lang='lat' dir='ltr'><em>uel</em></span> 
     </span>
     <span class='ocr_line' id='line_1_13' title="bbox 134 1223 961 1297; baseline -0.005 -16"><span class='ocrx_word' id='word_1_92' title='bbox 134 1223 215 1281; x_wconf 83' lang='lat' dir='ltr'><em>etiarn</em></span> <span class='ocrx_word' id='word_1_93' title='bbox 225 1239 305 1295; x_wconf 87' lang='lat' dir='ltr'><em>super</em></span> <span class='ocrx_word' id='word_1_94' title='bbox 316 1223 394 1279; x_wconf 72' lang='lat' dir='ltr'><em>rums</em></span> <span class='ocrx_word' id='word_1_95' title='bbox 407 1223 437 1279; x_wconf 88' lang='lat' dir='ltr'><em>in</em></span> <span class='ocrx_word' id='word_1_96' title='bbox 446 1230 583 1296; x_wconf 85' lang='lat' dir='ltr'><em>conspectu</em></span> <span class='ocrx_word' id='word_1_97' title='bbox 592 1223 878 1297; x_wconf 77' lang='lat' dir='ltr'><em>ditissimiapenlium</em></span> <span class='ocrx_word' id='word_1_98' title='bbox 888 1224 961 1277; x_wconf 88' lang='lat' dir='ltr'><em>coci-</em></span> 
     </span>
     <span class='ocr_line' id='line_1_14' title="bbox 133 1312 959 1385; baseline -0.002 -16"><span class='ocrx_word' id='word_1_99' title='bbox 133 1312 180 1369; x_wconf 90' lang='lat' dir='ltr'><em>bus</em></span> <span class='ocrx_word' id='word_1_100' title='bbox 193 1312 374 1385; x_wconf 87' lang='lat' dir='ltr'><em>sempiternis,</em></span> <span class='ocrx_word' id='word_1_101' title='bbox 398 1312 494 1384; x_wconf 80' lang='lat' dir='ltr'><em>quibus</em></span> <span class='ocrx_word' id='word_1_102' title='bbox 508 1313 613 1369; x_wconf 84' lang='lat' dir='ltr'><em>tondens</em></span> <span class='ocrx_word' id='word_1_103' title='bbox 633 1314 745 1385; x_wconf 79' lang='lat' dir='ltr'><em>asponis</em></span> <span class='ocrx_word' id='word_1_104' title='bbox 757 1313 959 1384; x_wconf 70' lang='lat' dir='ltr'><em>exprimantur.</em></span> 
     </span>
     <span class='ocr_line' id='line_1_15' title="bbox 134 1400 961 1475; baseline 0 -19"><span class='ocrx_word' id='word_1_105' title='bbox 134 1401 261 1468; x_wconf 81' lang='lat' dir='ltr'><em>Quamuis</em></span> <span class='ocrx_word' id='word_1_106' title='bbox 279 1402 349 1458; x_wconf 88' lang='lat' dir='ltr'><em>euim</em></span> <span class='ocrx_word' id='word_1_107' title='bbox 365 1402 508 1475; x_wconf 78' lang='lat' dir='ltr'><em>Apostolus</em></span> <span class='ocrx_word' id='word_1_108' title='bbox 517 1402 640 1468; x_wconf 85' lang='lat' dir='ltr'><em>dicendo,</em></span> <span class='ocrx_word' id='word_1_109' title='bbox 655 1401 713 1457; x_wconf 80' lang='lat' dir='ltr'><em>«Si</em></span> <span class='ocrx_word' id='word_1_110' title='bbox 725 1401 830 1474; x_wconf 68' lang='lat' dir='ltr'><em>linquis</em></span> <span class='ocrx_word' id='word_1_111' title='bbox 847 1400 961 1473; x_wconf 76' lang='lat' dir='ltr'><em>Ampelo-</em></span> 
     </span>
     <span class='ocr_line' id='line_1_16' title="bbox 133 1488 962 1564; baseline -0.002 -18"><span class='ocrx_word' id='word_1_112' title='bbox 133 1506 195 1546; x_wconf 90' lang='lat' dir='ltr'><em>runi</em></span> <span class='ocrx_word' id='word_1_113' title='bbox 211 1490 306 1563; x_wconf 77' lang='lat' dir='ltr'><em>loquar</em></span> <span class='ocrx_word' id='word_1_114' title='bbox 320 1513 335 1546; x_wconf 88' lang='lat' dir='ltr'><em>n</em></span> <span class='ocrx_word' id='word_1_115' title='bbox 351 1490 373 1563; x_wconf 89' lang='lat' dir='ltr'><em>(l</em></span> <span class='ocrx_word' id='word_1_116' title='bbox 390 1491 452 1546; x_wconf 85' lang='lat' dir='ltr'><em>Cor.</em></span> <span class='ocrx_word' id='word_1_117' title='bbox 467 1507 528 1558; x_wconf 88' lang='lat' dir='ltr'><em>xiii,</em></span> <span class='ocrx_word' id='word_1_118' title='bbox 540 1492 578 1561; x_wconf 84' lang='lat'><em>1),</em></span> <span class='ocrx_word' id='word_1_119' title='bbox 593 1492 735 1563; x_wconf 86' lang='lat' dir='ltr'><em>proprium</em></span> <span class='ocrx_word' id='word_1_120' title='bbox 745 1490 885 1564; x_wconf 79' lang='lat' dir='ltr'><em>quemdam</em></span> <span class='ocrx_word' id='word_1_121' title='bbox 899 1488 962 1545; x_wconf 86' lang='lat' dir='ltr'><em>illas</em></span> 
     </span>
     <span class='ocr_line' id='line_1_17' title="bbox 132 1578 961 1651; baseline 0 -15"><span class='ocrx_word' id='word_1_122' title='bbox 132 1596 190 1636; x_wconf 80' lang='lat' dir='ltr'><em>tuae</em></span> <span class='ocrx_word' id='word_1_123' title='bbox 199 1586 319 1645; x_wconf 72' lang='lat' dir='ltr'><em>natura,</em></span> <span class='ocrx_word' id='word_1_124' title='bbox 334 1578 421 1645; x_wconf 87' lang='lat' dir='ltr'><em>oel,ut</em></span> <span class='ocrx_word' id='word_1_125' title='bbox 431 1580 472 1636; x_wconf 90' lang='lat' dir='ltr'><em>ita</em></span> <span class='ocrx_word' id='word_1_126' title='bbox 477 1579 604 1644; x_wconf 81' lang='lat' dir='ltr'><em>dicerim,</em></span> <span class='ocrx_word' id='word_1_127' title='bbox 615 1581 700 1651; x_wconf 80' lang='lat' dir='ltr'><em>pontis</em></span> <span class='ocrx_word' id='word_1_128' title='bbox 707 1578 804 1635; x_wconf 86' lang='lat' dir='ltr'><em>babere</em></span> <span class='ocrx_word' id='word_1_129' title='bbox 814 1596 961 1636; x_wconf 86' lang='lat' dir='ltr'><em>sermonem</em></span> 
     </span>
     <span class='ocr_line' id='line_1_18' title="bbox 132 1667 959 1742; baseline 0 -18"><span class='ocrx_word' id='word_1_130' title='bbox 132 1668 289 1736; x_wconf 84' lang='lat' dir='ltr'><em>ostenderit,</em></span> <span class='ocrx_word' id='word_1_131' title='bbox 302 1674 377 1725; x_wconf 86' lang='lat' dir='ltr'><em>lanto</em></span> <span class='ocrx_word' id='word_1_132' title='bbox 387 1668 515 1724; x_wconf 79' lang='lat' dir='ltr'><em>trumonis</em></span> <span class='ocrx_word' id='word_1_133' title='bbox 528 1667 648 1725; x_wconf 89' lang='lat' dir='ltr'><em>sensibus</em></span> <span class='ocrx_word' id='word_1_134' title='bbox 659 1676 683 1724; x_wconf 94' lang='lat' dir='ltr'><em>et</em></span> <span class='ocrx_word' id='word_1_135' title='bbox 696 1668 809 1742; x_wconf 79' lang='lat' dir='ltr'><em>eloquiis</em></span> <span class='ocrx_word' id='word_1_136' title='bbox 822 1667 959 1733; x_wconf 87' lang='lat' dir='ltr'><em>altiorem,</em></span> 
     </span>
     <span class='ocr_line' id='line_1_19' title="bbox 134 1756 961 1830; baseline -0.001 -17"><span class='ocrx_word' id='word_1_137' title='bbox 134 1764 237 1830; x_wconf 76' lang='lat' dir='ltr'><em>quanto</em></span> <span class='ocrx_word' id='word_1_138' title='bbox 245 1758 305 1830; x_wconf 86' lang='lat' dir='ltr'><em>ipso</em></span> <span class='ocrx_word' id='word_1_139' title='bbox 315 1759 482 1830; x_wconf 64' lang='lat' dir='ltr'><em>incolarum</em></span> <span class='ocrx_word' id='word_1_140' title='bbox 491 1767 618 1816; x_wconf 88' lang='lat' dir='ltr'><em>creatura</em></span> <span class='ocrx_word' id='word_1_141' title='bbox 623 1766 648 1815; x_wconf 95' lang='lat' dir='ltr'><em>et</em></span> <span class='ocrx_word' id='word_1_142' title='bbox 657 1759 740 1814; x_wconf 88' lang='lat' dir='ltr'><em>stolio</em></span> <span class='ocrx_word' id='word_1_143' title='bbox 746 1756 907 1814; x_wconf 87' lang='lat' dir='ltr'><em>mortalibus</em></span> <span class='ocrx_word' id='word_1_144' title='bbox 918 1757 961 1812; x_wconf 89' lang='lat' dir='ltr'><em>in·</em></span> 
     </span>
     <span class='ocr_line' id='line_1_20' title="bbox 133 1845 959 1920; baseline -0.002 -17"><span class='ocrx_word' id='word_1_145' title='bbox 133 1848 249 1907; x_wconf 87' lang='lat' dir='ltr'><em>oolis¹el</em></span> <span class='ocrx_word' id='word_1_146' title='bbox 262 1847 490 1903; x_wconf 85' lang='lat' dir='ltr'><em>terrenissedibus</em></span> <span class='ocrx_word' id='word_1_147' title='bbox 500 1855 614 1920; x_wconf 83' lang='lat' dir='ltr'><em>praestal</em></span> <span class='ocrx_word' id='word_1_148' title='bbox 623 1865 635 1905; x_wconf 89' lang='grc'><em>.·</em></span> <span class='ocrx_word' id='word_1_149' title='bbox 641 1855 760 1905; x_wconf 88' lang='lat' dir='ltr'><em>attamen</em></span> <span class='ocrx_word' id='word_1_150' title='bbox 775 1847 894 1918; x_wconf 68' lang='lat' dir='ltr'><em>forsitan</em></span> <span class='ocrx_word' id='word_1_151' title='bbox 905 1845 959 1902; x_wconf 88' lang='lat' dir='ltr'><em>lin·</em></span> 
     </span>
     <span class='ocr_line' id='line_1_21' title="bbox 132 1935 960 2011; baseline -0.002 -19"><span class='ocrx_word' id='word_1_152' title='bbox 132 1953 200 2011; x_wconf 80' lang='lat' dir='ltr'><em>pum</em></span> <span class='ocrx_word' id='word_1_153' title='bbox 213 1935 380 2009; x_wconf 67' lang='lat' dir='ltr'><em>Ausciorum</em></span> <span class='ocrx_word' id='word_1_154' title='bbox 391 1954 442 2010; x_wconf 91' lang='lat' dir='ltr'><em>pro</em></span> <span class='ocrx_word' id='word_1_155' title='bbox 455 1937 599 2010; x_wconf 73' lang='lat' dir='ltr'><em>cineribus</em></span> <span class='ocrx_word' id='word_1_156' title='bbox 614 1954 707 1994; x_wconf 85' lang='lat' dir='ltr'><em>corum</em></span> <span class='ocrx_word' id='word_1_157' title='bbox 718 1943 797 2010; x_wconf 77' lang='lat' dir='ltr'><em>atoue</em></span> <span class='ocrx_word' id='word_1_158' title='bbox 808 1952 960 1992; x_wconf 72' lang='lat' dir='ltr'><em>sermonum</em></span> 
     </span>
     <span class='ocr_line' id='line_1_22' title="bbox 132 2024 961 2090; baseline -0.004 -8"><span class='ocrx_word' id='word_1_159' title='bbox 132 2025 332 2090; x_wconf 64' lang='lat' dir='ltr'><em>discribebat</em></span> <span class='ocrx_word' id='word_1_160' title='bbox 344 2032 370 2081; x_wconf 88' lang='lat' dir='ltr'><em>et</em></span> <span class='ocrx_word' id='word_1_161' title='bbox 379 2026 411 2081; x_wconf 90' lang='lat' dir='ltr'><em>de</em></span> <span class='ocrx_word' id='word_1_162' title='bbox 421 2027 616 2084; x_wconf 75' lang='lat' dir='ltr'><em>charismatum</em></span> <span class='ocrx_word' id='word_1_163' title='bbox 629 2026 761 2082; x_wconf 87' lang='lat' dir='ltr'><em>uarietate</em></span> <span class='ocrx_word' id='word_1_164' title='bbox 773 2025 906 2080; x_wconf 88' lang='lat' dir='ltr'><em>disserens</em></span> <span class='ocrx_word' id='word_1_165' title='bbox 918 2024 961 2079; x_wconf 91' lang='lat' dir='ltr'><em>in·</em></span> 
     </span>
     <span class='ocr_line' id='line_1_23' title="bbox 134 2113 959 2188; baseline -0.001 -18"><span class='ocrx_word' id='word_1_166' title='bbox 134 2115 255 2171; x_wconf 88' lang='lat' dir='ltr'><em>terdona</em></span> <span class='ocrx_word' id='word_1_167' title='bbox 263 2116 553 2187; x_wconf 79' lang='lat' dir='ltr'><em>pretiorumnumeral</em></span> <span class='ocrx_word' id='word_1_168' title='bbox 560 2116 823 2188; x_wconf 75' lang='lat' dir='ltr'><em>penerolinpuaruni</em></span> <span class='ocrx_word' id='word_1_169' title='bbox 832 2113 885 2185; x_wconf 87' lang='lat' dir='ltr'><em>(ld.</em></span> <span class='ocrx_word' id='word_1_170' title='bbox 897 2114 959 2185; x_wconf 88' lang='lat' dir='ltr'><em>xii),</em></span> 
     </span>
     <span class='ocr_line' id='line_1_24' title="bbox 132 2204 961 2279; baseline -0.004 -18"><span class='ocrx_word' id='word_1_171' title='bbox 132 2206 226 2278; x_wconf 80' lang='lat' dir='ltr'><em>utique</em></span> <span class='ocrx_word' id='word_1_172' title='bbox 240 2205 286 2261; x_wconf 86' lang='lat' dir='ltr'><em>boc</em></span> <span class='ocrx_word' id='word_1_173' title='bbox 304 2207 334 2261; x_wconf 91' lang='lat' dir='ltr'><em>in</em></span> <span class='ocrx_word' id='word_1_174' title='bbox 357 2206 434 2278; x_wconf 80' lang='lat' dir='ltr'><em>sipno</em></span> <span class='ocrx_word' id='word_1_175' title='bbox 466 2223 519 2262; x_wconf 88' lang='lat' dir='ltr'><em>esse</em></span> <span class='ocrx_word' id='word_1_176' title='bbox 543 2207 712 2279; x_wconf 74' lang='lat' dir='ltr'><em>sionificans,</em></span> <span class='ocrx_word' id='word_1_177' title='bbox 726 2204 796 2278; x_wconf 82' lang='lat' dir='ltr'><em>quod</em></span> <span class='ocrx_word' id='word_1_178' title='bbox 809 2204 961 2260; x_wconf 89' lang='lat' dir='ltr'><em>multorum</em></span> 
     </span>
     <span class='ocr_line' id='line_1_25' title="bbox 132 2291 961 2367; baseline -0.004 -17"><span class='ocrx_word' id='word_1_179' title='bbox 132 2295 253 2365; x_wconf 74' lang='lat' dir='ltr'><em>centium</em></span> <span class='ocrx_word' id='word_1_180' title='bbox 264 2311 385 2351; x_wconf 88' lang='lat' dir='ltr'><em>sermone</em></span> <span class='ocrx_word' id='word_1_181' title='bbox 400 2295 472 2367; x_wconf 79' lang='lat' dir='ltr'><em>loasd</em></span> <span class='ocrx_word' id='word_1_182' title='bbox 493 2295 612 2367; x_wconf 70' lang='lat' dir='ltr'><em>uinculis</em></span> <span class='ocrx_word' id='word_1_183' title='bbox 624 2295 787 2351; x_wconf 89' lang='lat' dir='ltr'><em>donaretur.</em></span> <span class='ocrx_word' id='word_1_184' title='bbox 801 2291 852 2349; x_wconf 85' lang='lat' dir='ltr'><em>Sed</em></span> <span class='ocrx_word' id='word_1_185' title='bbox 870 2299 895 2348; x_wconf 87' lang='lat' dir='ltr'><em>et</em></span> <span class='ocrx_word' id='word_1_186' title='bbox 909 2308 961 2348; x_wconf 82' lang='lat' dir='ltr'><em>coe</em></span> 
     </span>
     <span class='ocr_line' id='line_1_26' title="bbox 134 2381 959 2455; baseline -0.002 -16"><span class='ocrx_word' id='word_1_187' title='bbox 134 2382 186 2440; x_wconf 77' lang='lat' dir='ltr'><em>nei·</em></span> <span class='ocrx_word' id='word_1_188' title='bbox 197 2400 267 2455; x_wconf 74' lang='lat' dir='ltr'><em>saepe</em></span> <span class='ocrx_word' id='word_1_189' title='bbox 280 2384 316 2440; x_wconf 89' lang='lat' dir='ltr'><em>ad</em></span> <span class='ocrx_word' id='word_1_190' title='bbox 329 2392 434 2440; x_wconf 84' lang='lat' dir='ltr'><em>sanetas</em></span> <span class='ocrx_word' id='word_1_191' title='bbox 452 2385 548 2440; x_wconf 88' lang='lat' dir='ltr'><em>emisso</em></span> <span class='ocrx_word' id='word_1_192' title='bbox 562 2385 593 2440; x_wconf 90' lang='lat' dir='ltr'><em>de</em></span> <span class='ocrx_word' id='word_1_193' title='bbox 611 2383 690 2450; x_wconf 90' lang='lat' dir='ltr'><em>nube,</em></span> <span class='ocrx_word' id='word_1_194' title='bbox 703 2382 819 2440; x_wconf 88' lang='lat' dir='ltr'><em>ostendit</em></span> <span class='ocrx_word' id='word_1_195' title='bbox 831 2397 904 2454; x_wconf 87' lang='lat' dir='ltr'><em>posse</em></span> <span class='ocrx_word' id='word_1_196' title='bbox 923 2381 959 2437; x_wconf 91' lang='lat' dir='ltr'><em>lo·</em></span> 
     </span>
    </p>

    <p class='ocr_par' dir='ltr' id='par_1_6' title="bbox 109 2471 960 2546">
     <span class='ocr_line' id='line_1_27' title="bbox 109 2471 960 2546; baseline -0.004 -18"><span class='ocrx_word' id='word_1_197' title='bbox 109 2473 237 2546; x_wconf 80' lang='lat' dir='ltr'><em>-queloin</em></span> <span class='ocrx_word' id='word_1_198' title='bbox 254 2488 307 2528; x_wconf 89' lang='lat' dir='ltr'><em>esse</em></span> <span class='ocrx_word' id='word_1_199' title='bbox 328 2476 386 2528; x_wconf 90' lang='lat' dir='ltr'><em>sine</em></span> <span class='ocrx_word' id='word_1_200' title='bbox 408 2473 512 2544; x_wconf 71' lang='lat' dir='ltr'><em>linono.</em></span> <span class='ocrx_word' id='word_1_201' title='bbox 551 2473 692 2545; x_wconf 81' lang='lat' dir='ltr'><em>Siquidem</em></span> <span class='ocrx_word' id='word_1_202' title='bbox 716 2472 812 2544; x_wconf 80' lang='lat' dir='ltr'><em>linpuo</em></span> <span class='ocrx_word' id='word_1_203' title='bbox 838 2471 960 2542; x_wconf 86' lang='lat' dir='ltr'><em>eorporis</em></span> 
     </span>
    </p>

    <p class='ocr_par' dir='ltr' id='par_1_7' title="bbox 130 2559 960 3080">
     <span class='ocr_line' id='line_1_28' title="bbox 131 2559 959 2634; baseline -0.002 -17"><span class='ocrx_word' id='word_1_204' title='bbox 131 2562 279 2617; x_wconf 86' lang='lat' dir='ltr'><em>membrum</em></span> <span class='ocrx_word' id='word_1_205' title='bbox 291 2562 327 2617; x_wconf 91' lang='lat' dir='ltr'><em>sit</em></span> <span class='ocrx_word' id='word_1_206' title='bbox 341 2561 482 2634; x_wconf 81' lang='lat' dir='ltr'><em>pusillum,</em></span> <span class='ocrx_word' id='word_1_207' title='bbox 498 2569 523 2618; x_wconf 91' lang='lat' dir='ltr'><em>el</em></span> <span class='ocrx_word' id='word_1_208' title='bbox 543 2579 679 2633; x_wconf 70' lang='lat' dir='ltr'><em>moenum.</em></span> <span class='ocrx_word' id='word_1_209' title='bbox 699 2560 750 2617; x_wconf 87' lang='lat' dir='ltr'><em>Sed</em></span> <span class='ocrx_word' id='word_1_210' title='bbox 773 2560 844 2631; x_wconf 69' lang='lat' dir='ltr'><em>torte</em></span> <span class='ocrx_word' id='word_1_211' title='bbox 866 2576 899 2615; x_wconf 81' lang='lat' dir='ltr'><em>ec</em></span> <span class='ocrx_word' id='word_1_212' title='bbox 913 2559 959 2615; x_wconf 87' lang='lat' dir='ltr'><em>boc</em></span> 
     </span>
     <span class='ocr_line' id='line_1_29' title="bbox 132 2649 958 2722; baseline 0.001 -18"><span class='ocrx_word' id='word_1_213' title='bbox 132 2649 190 2722; x_wconf 89' lang='lat' dir='ltr'><em>ipso</em></span> <span class='ocrx_word' id='word_1_214' title='bbox 205 2650 271 2721; x_wconf 75' lang='lat' dir='ltr'><em>puio</em></span> <span class='ocrx_word' id='word_1_215' title='bbox 292 2651 321 2705; x_wconf 88' lang='lat' dir='ltr'><em>in</em></span> <span class='ocrx_word' id='word_1_216' title='bbox 352 2650 398 2706; x_wconf 87' lang='lat' dir='ltr'><em>boc</em></span> <span class='ocrx_word' id='word_1_217' title='bbox 419 2650 535 2708; x_wconf 89' lang='lat' dir='ltr'><em>membro</em></span> <span class='ocrx_word' id='word_1_218' title='bbox 547 2652 617 2706; x_wconf 85' lang='lat' dir='ltr'><em>uocis</em></span> <span class='ocrx_word' id='word_1_219' title='bbox 635 2651 755 2722; x_wconf 72' lang='lat' dir='ltr'><em>officium</em></span> <span class='ocrx_word' id='word_1_220' title='bbox 771 2650 843 2705; x_wconf 85' lang='lat' dir='ltr'><em>Deus</em></span> <span class='ocrx_word' id='word_1_221' title='bbox 858 2650 958 2720; x_wconf 78' lang='lat' dir='ltr'><em>posuit,</em></span> 
     </span>
     <span class='ocr_line' id='line_1_30' title="bbox 130 2740 960 2813; baseline -0.006 -14"><span class='ocrx_word' id='word_1_222' title='bbox 130 2741 213 2800; x_wconf 89' lang='lat' dir='ltr'><em>eliani</em></span> <span class='ocrx_word' id='word_1_223' title='bbox 224 2740 388 2812; x_wconf 76' lang='lat' dir='ltr'><em>incorporem</em></span> <span class='ocrx_word' id='word_1_224' title='bbox 401 2741 568 2813; x_wconf 78' lang='lat' dir='ltr'><em>Aspelorum</em></span> <span class='ocrx_word' id='word_1_225' title='bbox 574 2748 708 2797; x_wconf 77' lang='lat' dir='ltr'><em>creatus-se</em></span> <span class='ocrx_word' id='word_1_226' title='bbox 719 2741 873 2795; x_wconf 86' lang='lat' dir='ltr'><em>⁸sermones</em></span> <span class='ocrx_word' id='word_1_227' title='bbox 883 2747 960 2796; x_wconf 87' lang='lat' dir='ltr'><em>etco-</em></span> 
     </span>
     <span class='ocr_line' id='line_1_31' title="bbox 130 2829 959 2902; baseline -0.006 -13"><span class='ocrx_word' id='word_1_228' title='bbox 130 2847 171 2889; x_wconf 85' lang='lat' dir='ltr'><em>cet</em></span> <span class='ocrx_word' id='word_1_229' title='bbox 184 2829 305 2902; x_wconf 77' lang='lat' dir='ltr'><em>linpucni</em></span> <span class='ocrx_word' id='word_1_230' title='bbox 318 2830 462 2896; x_wconf 88' lang='lat' dir='ltr'><em>oocacerit,</em></span> <span class='ocrx_word' id='word_1_231' title='bbox 477 2831 547 2886; x_wconf 89' lang='lat' dir='ltr'><em>sicut</em></span> <span class='ocrx_word' id='word_1_232' title='bbox 559 2830 705 2902; x_wconf 86' lang='lat' dir='ltr'><em>Scriptura</em></span> <span class='ocrx_word' id='word_1_233' title='bbox 715 2829 781 2885; x_wconf 89' lang='lat' dir='ltr'><em>solet</em></span> <span class='ocrx_word' id='word_1_234' title='bbox 794 2829 848 2885; x_wconf 86' lang='lat' dir='ltr'><em>Deo</em></span> <span class='ocrx_word' id='word_1_235' title='bbox 859 2844 959 2901; x_wconf 79' lang='lat' dir='ltr'><em>quoquc</em></span> 
     </span>
     <span class='ocr_line' id='line_1_32' title="bbox 130 2918 959 2991; baseline -0.001 -16"><span class='ocrx_word' id='word_1_236' title='bbox 130 2918 276 2976; x_wconf 88' lang='lat' dir='ltr'><em>seeundum</em></span> <span class='ocrx_word' id='word_1_237' title='bbox 289 2919 387 2990; x_wconf 87' lang='lat' dir='ltr'><em>speeies</em></span> <span class='ocrx_word' id='word_1_238' title='bbox 400 2920 598 2991; x_wconf 73' lang='lat' dir='ltr'><em>operationum,</em></span> <span class='ocrx_word' id='word_1_239' title='bbox 611 2920 721 2975; x_wconf 89' lang='lat' dir='ltr'><em>nomino</em></span> <span class='ocrx_word' id='word_1_240' title='bbox 729 2919 868 2990; x_wconf 75' lang='lat' dir='ltr'><em>ossipnare</em></span> <span class='ocrx_word' id='word_1_241' title='bbox 881 2934 959 2974; x_wconf 90' lang='lat' dir='ltr'><em>mem·</em></span> 
     </span>
     <span class='ocr_line' id='line_1_33' title="bbox 132 3007 678 3080; baseline 0 -16"><span class='ocrx_word' id='word_1_242' title='bbox 132 3007 254 3065; x_wconf 81' lang='lat' dir='ltr'><em>brorum.</em></span> <span class='ocrx_word' id='word_1_243' title='bbox 272 3007 328 3064; x_wconf 84' lang='lat' dir='ltr'><em>Oro</em></span> <span class='ocrx_word' id='word_1_244' title='bbox 338 3025 389 3080; x_wconf 87' lang='lat' dir='ltr'><em>pro</em></span> <span class='ocrx_word' id='word_1_245' title='bbox 402 3008 488 3073; x_wconf 84' lang='lat' dir='ltr'><em>nobis,</em></span> <span class='ocrx_word' id='word_1_246' title='bbox 503 3014 529 3064; x_wconf 89' lang='lat' dir='ltr'><em>et</em></span> <span class='ocrx_word' id='word_1_247' title='bbox 547 3008 608 3065; x_wconf 86' lang='lat' dir='ltr'><em>doce</em></span> <span class='ocrx_word' id='word_1_248' title='bbox 621 3025 678 3064; x_wconf 91' lang='lat' dir='ltr'><em>nos.</em></span> 
     </span>
    </p>

    <p class='ocr_par' dir='ltr' id='par_1_8' title="bbox 127 3095 958 3880">
     <span class='ocr_line' id='line_1_34' title="bbox 165 3095 957 3164; baseline 0.001 -12"><span class='ocrx_word' id='word_1_249' title='bbox 165 3098 193 3152; x_wconf 76' lang='lat' dir='ltr'><em>b.</em></span> <span class='ocrx_word' id='word_1_250' title='bbox 213 3097 318 3153; x_wconf 83' lang='lat' dir='ltr'><em>Frater</em></span> <span class='ocrx_word' id='word_1_251' title='bbox 326 3105 416 3154; x_wconf 90' lang='lat' dir='ltr'><em>noster</em></span> <span class='ocrx_word' id='word_1_252' title='bbox 429 3098 606 3155; x_wconf 83' lang='lat' dir='ltr'><em>clarissimus</em></span> <span class='ocrx_word' id='word_1_253' title='bbox 614 3105 641 3155; x_wconf 94' lang='lat' dir='ltr'><em>et</em></span> <span class='ocrx_word' id='word_1_254' title='bbox 650 3096 821 3154; x_wconf 85' lang='lat' dir='ltr'><em>dulcissimus</em></span> <span class='ocrx_word' id='word_1_255' title='bbox 830 3095 957 3164; x_wconf 82' lang='lat' dir='ltr'><em>Quintus,</em></span> 
     </span>
     <span class='ocr_line' id='line_1_35' title="bbox 129 3184 958 3261; baseline 0 -19"><span class='ocrx_word' id='word_1_256' title='bbox 129 3203 210 3261; x_wconf 64' lang='lat' dir='ltr'><em>mom</em></span> <span class='ocrx_word' id='word_1_257' title='bbox 222 3185 299 3242; x_wconf 88' lang='lat' dir='ltr'><em>tarde</em></span> <span class='ocrx_word' id='word_1_258' title='bbox 310 3186 350 3242; x_wconf 90' lang='lat' dir='ltr'><em>ad</em></span> <span class='ocrx_word' id='word_1_259' title='bbox 363 3203 410 3243; x_wconf 89' lang='lat' dir='ltr'><em>nos</em></span> <span class='ocrx_word' id='word_1_260' title='bbox 423 3194 525 3244; x_wconf 88' lang='lat' dir='ltr'><em>remeat</em></span> <span class='ocrx_word' id='word_1_261' title='bbox 540 3186 650 3253; x_wconf 87' lang='lat' dir='ltr'><em>anobis,</em></span> <span class='ocrx_word' id='word_1_262' title='bbox 666 3194 722 3243; x_wconf 90' lang='lat' dir='ltr'><em>tain</em></span> <span class='ocrx_word' id='word_1_263' title='bbox 736 3187 819 3243; x_wconf 82' lang='lat' dir='ltr'><em>citou</em></span> <span class='ocrx_word' id='word_1_264' title='bbox 834 3184 908 3241; x_wconf 88' lang='lat' dir='ltr'><em>nobis</em></span> <span class='ocrx_word' id='word_1_265' title='bbox 922 3185 958 3242; x_wconf 91' lang='lat' dir='ltr'><em>ad</em></span> 
     </span>
     <span class='ocr_line' id='line_1_36' title="bbox 130 3274 955 3346; baseline -0.006 -13"><span class='ocrx_word' id='word_1_266' title='bbox 130 3292 175 3333; x_wconf 84' lang='lat' dir='ltr'><em>not</em></span> <span class='ocrx_word' id='word_1_267' title='bbox 188 3275 280 3331; x_wconf 89' lang='lat' dir='ltr'><em>redire</em></span> <span class='ocrx_word' id='word_1_268' title='bbox 291 3275 406 3346; x_wconf 78' lang='lat' dir='ltr'><em>festinat</em></span> <span class='ocrx_word' id='word_1_269' title='bbox 416 3291 427 3328; x_wconf 90' lang='lat'><em>.·</em></span> <span class='ocrx_word' id='word_1_270' title='bbox 436 3275 599 3331; x_wconf 85' lang='lat' dir='ltr'><em>instantiam</em></span> <span class='ocrx_word' id='word_1_271' title='bbox 609 3291 670 3331; x_wconf 89' lang='lat' dir='ltr'><em>cero</em></span> <span class='ocrx_word' id='word_1_272' title='bbox 679 3278 738 3345; x_wconf 84' lang='lat' dir='ltr'><em>ejus</em></span> <span class='ocrx_word' id='word_1_273' title='bbox 748 3276 779 3329; x_wconf 93' lang='lat' dir='ltr'><em>in</em></span> <span class='ocrx_word' id='word_1_274' title='bbox 789 3274 892 3330; x_wconf 88' lang='lat' dir='ltr'><em>litteris</em></span> <span class='ocrx_word' id='word_1_275' title='bbox 899 3275 955 3329; x_wconf 83' lang='lat' dir='ltr'><em>eai-</em></span> 
     </span>
     <span class='ocr_line' id='line_1_37' title="bbox 129 3362 957 3439; baseline -0.002 -18"><span class='ocrx_word' id='word_1_276' title='bbox 129 3365 222 3439; x_wconf 77' lang='lat' dir='ltr'><em>pendis</em></span> <span class='ocrx_word' id='word_1_277' title='bbox 236 3372 262 3421; x_wconf 87' lang='lat' dir='ltr'><em>et</em></span> <span class='ocrx_word' id='word_1_278' title='bbox 277 3365 333 3420; x_wconf 84' lang='lat' dir='ltr'><em>baec</em></span> <span class='ocrx_word' id='word_1_279' title='bbox 346 3363 456 3436; x_wconf 86' lang='lat' dir='ltr'><em>epistola</em></span> <span class='ocrx_word' id='word_1_280' title='bbox 467 3364 562 3421; x_wconf 85' lang='lat' dir='ltr'><em>lituris</em></span> <span class='ocrx_word' id='word_1_281' title='bbox 575 3382 653 3437; x_wconf 81' lang='lat' dir='ltr'><em>quain</em></span> <span class='ocrx_word' id='word_1_282' title='bbox 669 3364 789 3420; x_wconf 84' lang='lat' dir='ltr'><em>uersibus</em></span> <span class='ocrx_word' id='word_1_283' title='bbox 802 3362 908 3419; x_wconf 88' lang='lat' dir='ltr'><em>crebior</em></span> <span class='ocrx_word' id='word_1_284' title='bbox 920 3363 957 3419; x_wconf 89' lang='lat' dir='ltr'><em>lo·</em></span> 
     </span>
     <span class='ocr_line' id='line_1_38' title="bbox 129 3451 956 3525; baseline 0 -17"><span class='ocrx_word' id='word_1_285' title='bbox 129 3454 236 3525; x_wconf 82' lang='lat' dir='ltr'><em>quitur,</em></span> <span class='ocrx_word' id='word_1_286' title='bbox 256 3452 453 3508; x_wconf 88' lang='lat' dir='ltr'><em>commemorati</em></span> <span class='ocrx_word' id='word_1_287' title='bbox 475 3454 612 3509; x_wconf 81' lang='lat' dir='ltr'><em>eaeiotoris</em></span> <span class='ocrx_word' id='word_1_288' title='bbox 625 3452 739 3508; x_wconf 88' lang='lat' dir='ltr'><em>nimiam</em></span> <span class='ocrx_word' id='word_1_289' title='bbox 755 3451 956 3524; x_wconf 68' lang='lat' dir='ltr'><em>intinctionem</em></span> 
     </span>
     <span class='ocr_line' id='line_1_39' title="bbox 128 3540 955 3613; baseline 0 -15"><span class='ocrx_word' id='word_1_290' title='bbox 128 3541 222 3598; x_wconf 85' lang='lat' dir='ltr'><em>sebeda</em></span> <span class='ocrx_word' id='word_1_291' title='bbox 232 3541 309 3611; x_wconf 78' lang='lat' dir='ltr'><em>fecit.</em></span> <span class='ocrx_word' id='word_1_292' title='bbox 319 3540 392 3599; x_wconf 88' lang='lat' dir='ltr'><em>Nam</em></span> <span class='ocrx_word' id='word_1_293' title='bbox 403 3541 499 3613; x_wconf 84' lang='lat' dir='ltr'><em>pridie</em></span> <span class='ocrx_word' id='word_1_294' title='bbox 512 3541 573 3598; x_wconf 89' lang='lat' dir='ltr'><em>idus</em></span> <span class='ocrx_word' id='word_1_295' title='bbox 585 3542 753 3597; x_wconf 87' lang='lat' dir='ltr'><em>maiascenit</em></span> <span class='ocrx_word' id='word_1_296' title='bbox 764 3541 800 3596; x_wconf 88' lang='lat' dir='ltr'><em>od</em></span> <span class='ocrx_word' id='word_1_297' title='bbox 815 3558 861 3597; x_wconf 89' lang='lat' dir='ltr'><em>nos</em></span> <span class='ocrx_word' id='word_1_298' title='bbox 872 3548 904 3597; x_wconf 92' lang='lat' dir='ltr'><em>ut</em></span> <span class='ocrx_word' id='word_1_299' title='bbox 914 3557 955 3598; x_wconf 88' lang='lat' dir='ltr'><em>re·</em></span> 
     </span>
     <span class='ocr_line' id='line_1_40' title="bbox 128 3630 954 3703; baseline 0.002 -17"><span class='ocrx_word' id='word_1_300' title='bbox 128 3630 235 3700; x_wconf 84' lang='lat' dir='ltr'><em>scripta</em></span> <span class='ocrx_word' id='word_1_301' title='bbox 251 3637 363 3703; x_wconf 89' lang='lat' dir='ltr'><em>peteret,</em></span> <span class='ocrx_word' id='word_1_302' title='bbox 381 3638 406 3687; x_wconf 89' lang='lat' dir='ltr'><em>et</em></span> <span class='ocrx_word' id='word_1_303' title='bbox 417 3630 507 3687; x_wconf 87' lang='lat' dir='ltr'><em>idibus</em></span> <span class='ocrx_word' id='word_1_304' title='bbox 517 3638 581 3687; x_wconf 90' lang='lat' dir='ltr'><em>aute</em></span> <span class='ocrx_word' id='word_1_305' title='bbox 593 3639 697 3687; x_wconf 79' lang='lat' dir='ltr'><em>sentam</em></span> <span class='ocrx_word' id='word_1_306' title='bbox 706 3630 813 3686; x_wconf 86' lang='lat' dir='ltr'><em>dimitti</em></span> <span class='ocrx_word' id='word_1_307' title='bbox 823 3630 954 3688; x_wconf 80' lang='lat' dir='ltr'><em>obtinuit.</em></span> 
     </span>
     <span class='ocr_line' id='line_1_41' title="bbox 133 3718 956 3792; baseline -0.004 -13"><span class='ocrx_word' id='word_1_308' title='bbox 133 3718 228 3779; x_wconf 82' lang='lat' dir='ltr'><em>Videte</em></span> <span class='ocrx_word' id='word_1_309' title='bbox 245 3736 308 3792; x_wconf 76' lang='lat' dir='ltr'><em>erpo</em></span> <span class='ocrx_word' id='word_1_310' title='bbox 321 3726 416 3775; x_wconf 88' lang='lat' dir='ltr'><em>utrum</em></span> <span class='ocrx_word' id='word_1_311' title='bbox 428 3736 488 3776; x_wconf 89' lang='lat' dir='ltr'><em>eum</em></span> <span class='ocrx_word' id='word_1_312' title='bbox 500 3721 748 3786; x_wconf 82' lang='lat' dir='ltr'><em>commendaverim,</em></span> <span class='ocrx_word' id='word_1_313' title='bbox 765 3719 805 3775; x_wconf 88' lang='lat' dir='ltr'><em>cel</em></span> <span class='ocrx_word' id='word_1_314' title='bbox 818 3735 956 3776; x_wconf 80' lang='lat' dir='ltr'><em>amusace·</em></span> 
     </span>
     <span class='ocr_line' id='line_1_42' title="bbox 127 3808 956 3880; baseline -0.001 -14"><span class='ocrx_word' id='word_1_315' title='bbox 127 3809 185 3866; x_wconf 91' lang='lat' dir='ltr'><em>rim</em></span> <span class='ocrx_word' id='word_1_316' title='bbox 199 3808 356 3880; x_wconf 74' lang='lat' dir='ltr'><em>buiiumodi</em></span> <span class='ocrx_word' id='word_1_317' title='bbox 366 3809 531 3868; x_wconf 87' lang='lat' dir='ltr'><em>testimonio.</em></span> <span class='ocrx_word' id='word_1_318' title='bbox 545 3810 629 3866; x_wconf 81' lang='lat' dir='ltr'><em>Forte</em></span> <span class='ocrx_word' id='word_1_319' title='bbox 641 3811 721 3878; x_wconf 91' lang='lat' dir='ltr'><em>enim,</em></span> <span class='ocrx_word' id='word_1_320' title='bbox 736 3810 789 3866; x_wconf 91' lang='lat' dir='ltr'><em>imo</em></span> <span class='ocrx_word' id='word_1_321' title='bbox 800 3809 859 3865; x_wconf 87' lang='lat' dir='ltr'><em>sine</em></span> <span class='ocrx_word' id='word_1_322' title='bbox 872 3809 956 3865; x_wconf 85' lang='lat' dir='ltr'><em>dubio</em></span> 
     </span>
    </p>

    <p class='ocr_par' dir='ltr' id='par_1_9' title="bbox 104 3897 956 3972">
     <span class='ocr_line' id='line_1_43' title="bbox 104 3897 956 3972; baseline -0.001 -17"><span class='ocrx_word' id='word_1_323' title='bbox 104 3902 106 3907; x_wconf 85' lang='lat'>&#39;</span> <span class='ocrx_word' id='word_1_324' title='bbox 128 3897 279 3955; x_wconf 85' lang='lat' dir='ltr'><em>laudabilis</em></span> <span class='ocrx_word' id='word_1_325' title='bbox 288 3899 375 3971; x_wconf 76' lang='lat' dir='ltr'><em>macie</em></span> <span class='ocrx_word' id='word_1_326' title='bbox 392 3916 472 3972; x_wconf 79' lang='lat' dir='ltr'><em>quom</em></span> <span class='ocrx_word' id='word_1_327' title='bbox 499 3900 645 3972; x_wconf 86' lang='lat' dir='ltr'><em>culpabilis</em></span> <span class='ocrx_word' id='word_1_328' title='bbox 667 3899 850 3972; x_wconf 78' lang='lat' dir='ltr'><em>judicabitur,</em></span> <span class='ocrx_word' id='word_1_329' title='bbox 879 3898 956 3971; x_wconf 78' lang='lat' dir='ltr'><em>quio</em></span> 
     </span>
    </p>

    <p class='ocr_par' dir='ltr' id='par_1_10' title="bbox 127 3987 953 4061">
     <span class='ocr_line' id='line_1_44' title="bbox 127 3987 953 4061; baseline -0.002 -16"><span class='ocrx_word' id='word_1_330' title='bbox 127 3987 256 4055; x_wconf 87' lang='lat' dir='ltr'><em>tenebris,</em></span> <span class='ocrx_word' id='word_1_331' title='bbox 272 3989 342 4061; x_wconf 80' lang='lat' dir='ltr'><em>quod</em></span> <span class='ocrx_word' id='word_1_332' title='bbox 360 3988 605 4060; x_wconf 80' lang='lat' dir='ltr'><em>incomparalibus</em></span> <span class='ocrx_word' id='word_1_333' title='bbox 623 3989 708 4045; x_wconf 86' lang='lat' dir='ltr'><em>uestri</em></span> <span class='ocrx_word' id='word_1_334' title='bbox 725 3988 841 4045; x_wconf 88' lang='lat' dir='ltr'><em>luminis</em></span> <span class='ocrx_word' id='word_1_335' title='bbox 851 4003 953 4053; x_wconf 80' lang='lat' dir='ltr'><em>minus,</em></span> 
     </span>
    </p>

    <p class='ocr_par' dir='ltr' id='par_1_11' title="bbox 122 4076 740 4150">
     <span class='ocr_line' id='line_1_45' title="bbox 122 4076 740 4150; baseline -0.005 -17"><span class='ocrx_word' id='word_1_336' title='bbox 122 4077 272 4148; x_wconf 72' lang='lat' dir='ltr'><em>justissime</em></span> <span class='ocrx_word' id='word_1_337' title='bbox 290 4077 463 4150; x_wconf 57' lang='lat' dir='ltr'><em>refestinavit</em></span> <span class='ocrx_word' id='word_1_338' title='bbox 476 4077 511 4133; x_wconf 87' lang='lat' dir='ltr'><em>ad</em></span> <span class='ocrx_word' id='word_1_339' title='bbox 526 4076 609 4134; x_wconf 88' lang='lat' dir='ltr'><em>lucem</em></span> <span class='ocrx_word' id='word_1_340' title='bbox 622 4094 709 4133; x_wconf 88' lang='lat' dir='ltr'><em>suam.</em></span> <span class='ocrx_word' id='word_1_341' title='bbox 727 4098 740 4130; x_wconf 85' lang='lat' dir='ltr'><em>s</em></span> 
     </span>
    </p>

    <p class='ocr_par' dir='ltr' id='par_1_12' title="bbox 373 4166 711 4238">
     <span class='ocr_line' id='line_1_46' title="bbox 373 4166 711 4238; baseline 0.003 -18"><span class='ocrx_word' id='word_1_342' title='bbox 373 4166 541 4222; x_wconf 81' lang='lat' dir='ltr'><strong>EPISTOLA</strong></span> <span class='ocrx_word' id='word_1_343' title='bbox 556 4167 622 4222; x_wconf 81' lang='lat' dir='ltr'><em>XCV</em></span> <span class='ocrx_word' id='word_1_344' title='bbox 636 4167 645 4185; x_wconf 90' lang='lat'>&#39;</span> <span class='ocrx_word' id='word_1_345' title='bbox 659 4166 711 4238; x_wconf 84' lang='lat' dir='ltr'><em>(a).</em></span> 
     </span>
    </p>

    <p class='ocr_par' dir='ltr' id='par_1_13' title="bbox 128 4253 958 4579">
     <span class='ocr_line' id='line_1_47' title="bbox 128 4253 957 4326; baseline 0.002 -16"><span class='ocrx_word' id='word_1_346' title='bbox 128 4253 315 4325; x_wconf 78' lang='lat' dir='ltr'><em>Aupustinus</em></span> <span class='ocrx_word' id='word_1_347' title='bbox 328 4254 478 4322; x_wconf 80' lang='lat' dir='ltr'><em>superiori</em></span> <span class='ocrx_word' id='word_1_348' title='bbox 491 4255 623 4325; x_wconf 80' lang='lat' dir='ltr'><em>epistole</em></span> <span class='ocrx_word' id='word_1_349' title='bbox 638 4253 820 4324; x_wconf 89' lang='lat' dir='ltr'><em>respondens</em></span> <span class='ocrx_word' id='word_1_350' title='bbox 841 4254 902 4326; x_wconf 77' lang='lat' dir='ltr'><em>coit</em></span> <span class='ocrx_word' id='word_1_351' title='bbox 920 4255 957 4312; x_wconf 89' lang='lat' dir='ltr'><em>de</em></span> 
     </span>
     <span class='ocr_line' id='line_1_48' title="bbox 160 4342 958 4417; baseline 0.001 -18"><span class='ocrx_word' id='word_1_352' title='bbox 160 4342 317 4414; x_wconf 72' lang='lat' dir='ltr'><em>praesentis</em></span> <span class='ocrx_word' id='word_1_353' title='bbox 328 4343 397 4400; x_wconf 80' lang='lat' dir='ltr'><em>uite</em></span> <span class='ocrx_word' id='word_1_354' title='bbox 406 4349 497 4411; x_wconf 88' lang='lat' dir='ltr'><em>statu,</em></span> <span class='ocrx_word' id='word_1_355' title='bbox 512 4358 626 4401; x_wconf 85' lang='lat' dir='ltr'><em>necnon</em></span> <span class='ocrx_word' id='word_1_356' title='bbox 645 4344 682 4401; x_wconf 88' lang='lat' dir='ltr'><em>de</em></span> <span class='ocrx_word' id='word_1_357' title='bbox 692 4345 839 4417; x_wconf 79' lang='lat' dir='ltr'><em>qualitate</em></span> <span class='ocrx_word' id='word_1_358' title='bbox 851 4359 958 4413; x_wconf 84' lang='lat' dir='ltr'><em>corpo-</em></span> 
     </span>
     <span class='ocr_line' id='line_1_49' title="bbox 162 4430 956 4506; baseline 0.001 -17"><span class='ocrx_word' id='word_1_359' title='bbox 162 4430 205 4489; x_wconf 89' lang='lat' dir='ltr'><em>ris</em></span> <span class='ocrx_word' id='word_1_360' title='bbox 228 4430 391 4500; x_wconf 89' lang='lat' dir='ltr'><em>beatorum,</em></span> <span class='ocrx_word' id='word_1_361' title='bbox 417 4432 510 4506; x_wconf 82' lang='lat' dir='ltr'><em>deque</em></span> <span class='ocrx_word' id='word_1_362' title='bbox 533 4433 731 4491; x_wconf 89' lang='lat' dir='ltr'><em>membrorum</em></span> <span class='ocrx_word' id='word_1_363' title='bbox 755 4433 863 4503; x_wconf 71' lang='lat' dir='ltr'><em>officiis</em></span> <span class='ocrx_word' id='word_1_364' title='bbox 890 4438 956 4504; x_wconf 81' lang='lat' dir='ltr'><em>post</em></span> 
     </span>
     <span class='ocr_line' id='line_1_50' title="bbox 163 4521 420 4579; baseline 0 -2"><span class='ocrx_word' id='word_1_365' title='bbox 163 4521 420 4579; x_wconf 86' lang='lat' dir='ltr'><em>resurrectionem.</em></span> 
     </span>
    </p>

    <p class='ocr_par' dir='ltr' id='par_1_14' title="bbox 103 4610 956 4945">
     <span class='ocr_line' id='line_1_51' title="bbox 103 4610 956 4679; baseline 0.002 -13"><span class='ocrx_word' id='word_1_366' title='bbox 103 4648 108 4657; x_wconf 84' lang='lat'>·</span> <span class='ocrx_word' id='word_1_367' title='bbox 127 4610 485 4667; x_wconf 80' lang='lat' dir='ltr'><em>Dominiseherissimiset</em></span> <span class='ocrx_word' id='word_1_368' title='bbox 492 4611 711 4679; x_wconf 86' lang='lat' dir='ltr'><em>sincerissimis,</em></span> <span class='ocrx_word' id='word_1_369' title='bbox 723 4612 833 4668; x_wconf 86' lang='lat' dir='ltr'><em>sanctis</em></span> <span class='ocrx_word' id='word_1_370' title='bbox 843 4617 871 4668; x_wconf 90' lang='lat' dir='ltr'><em>et</em></span> <span class='ocrx_word' id='word_1_371' title='bbox 880 4611 956 4668; x_wconf 92' lang='lat' dir='ltr'><em>desi·</em></span> 
     </span>
     <span class='ocr_line' id='line_1_52' title="bbox 164 4697 956 4771; baseline 0.001 -16"><span class='ocrx_word' id='word_1_372' title='bbox 164 4697 386 4756; x_wconf 88' lang='lat' dir='ltr'><em>derabilibuset</em></span> <span class='ocrx_word' id='word_1_373' title='bbox 396 4700 839 4768; x_wconf 84' lang='lat' dir='ltr'><em>venerabilibuslratribus,sub</em></span> <span class='ocrx_word' id='word_1_374' title='bbox 848 4702 956 4771; x_wconf 80' lang='lat' dir='ltr'><em>megis-</em></span> 
     </span>
     <span class='ocr_line' id='line_1_53' title="bbox 164 4789 955 4863; baseline 0.004 -19"><span class='ocrx_word' id='word_1_375' title='bbox 164 4789 343 4847; x_wconf 80' lang='lat' dir='ltr'><em>trollomino</em></span> <span class='ocrx_word' id='word_1_376' title='bbox 353 4790 424 4847; x_wconf 89' lang='lat' dir='ltr'><em>lesu</em></span> <span class='ocrx_word' id='word_1_377' title='bbox 434 4789 649 4862; x_wconf 88' lang='lat' dir='ltr'><em>condiscipulis</em></span> <span class='ocrx_word' id='word_1_378' title='bbox 659 4790 712 4863; x_wconf 88' lang='lat' dir='ltr'><em>(b),</em></span> <span class='ocrx_word' id='word_1_379' title='bbox 722 4793 955 4847; x_wconf 82' lang='lat' dir='ltr'><em>PeuiisoetTiin-</em></span> 
     </span>
     <span class='ocr_line' id='line_1_54' title="bbox 162 4877 797 4945; baseline 0 -10"><span class='ocrx_word' id='word_1_380' title='bbox 162 4893 261 4944; x_wconf 76' lang='lat' dir='ltr'><em>nessa,</em></span> <span class='ocrx_word' id='word_1_381' title='bbox 274 4877 458 4945; x_wconf 78' lang='lat' dir='ltr'><em>bueusniisus,</em></span> <span class='ocrx_word' id='word_1_382' title='bbox 473 4877 504 4934; x_wconf 90' lang='lat' dir='ltr'><em>in</em></span> <span class='ocrx_word' id='word_1_383' title='bbox 518 4878 644 4936; x_wconf 87' lang='lat' dir='ltr'><em>Domino</em></span> <span class='ocrx_word' id='word_1_384' title='bbox 660 4879 797 4937; x_wconf 88' lang='lat' dir='ltr'><em>salutem.</em></span> 
     </span>
    </p>

    <p class='ocr_par' dir='ltr' id='par_1_15' title="bbox 162 4966 953 5040">
     <span class='ocr_line' id='line_1_55' title="bbox 162 4966 953 5040; baseline -0.004 -14"><span class='ocrx_word' id='word_1_385' title='bbox 162 4969 189 5026; x_wconf 83' lang='lat' dir='ltr'><em>i·</em></span> <span class='ocrx_word' id='word_1_386' title='bbox 207 4966 282 5025; x_wconf 85' lang='lat' dir='ltr'><em>Cum</em></span> <span class='ocrx_word' id='word_1_387' title='bbox 298 4982 352 5024; x_wconf 87' lang='lat' dir='ltr'><em>vos</em></span> <span class='ocrx_word' id='word_1_388' title='bbox 368 4966 473 5023; x_wconf 86' lang='lat' dir='ltr'><em>tratres</em></span> <span class='ocrx_word' id='word_1_389' title='bbox 487 4967 581 5024; x_wconf 82' lang='lat' dir='ltr'><em>nostri</em></span> <span class='ocrx_word' id='word_1_390' title='bbox 596 4968 835 5040; x_wconf 86' lang='lat' dir='ltr'><em>conjunctissimi</em></span> <span class='ocrx_word' id='word_1_391' title='bbox 854 4968 953 5038; x_wconf 85' lang='lat' dir='ltr'><em>nobie,</em></span> 
     </span>
    </p>

    <p class='ocr_par' dir='ltr' id='par_1_16' title="bbox 156 5090 460 5205">
     <span class='ocr_line' id='line_1_56' title="bbox 156 5090 460 5205; baseline -0.003 -1"><span class='ocrx_word' id='word_1_392' title='bbox 156 5092 255 5205; x_wconf 62' lang='lat' dir='ltr'><em>ilii?</em></span> <span class='ocrx_word' id='word_1_393' title='bbox 269 5090 460 5205; x_wconf 56' lang='lat' dir='ltr'><em>teissim·</em></span> 
     </span>
    </p>

    <p class='ocr_par' dir='ltr' id='par_1_17' title="bbox 125 5192 953 5419">
     <span class='ocr_line' id='line_1_57' title="bbox 156 5192 899 5293; baseline 0 -26"><span class='ocrx_word' id='word_1_394' title='bbox 156 5202 243 5268; x_wconf 63' lang='lat' dir='ltr'><em>’boin</em></span> <span class='ocrx_word' id='word_1_395' title='bbox 252 5192 267 5267; x_wconf 78' lang='lat'><em>&#39;:</em></span> <span class='ocrx_word' id='word_1_396' title='bbox 284 5217 414 5292; x_wconf 71' lang='lat' dir='ltr'><em>Quintius</em></span> <span class='ocrx_word' id='word_1_397' title='bbox 427 5216 472 5267; x_wconf 86' lang='lat' dir='ltr'><em>boe</em></span> <span class='ocrx_word' id='word_1_398' title='bbox 484 5216 596 5267; x_wconf 89' lang='lat' dir='ltr'><em>membro</em></span> <span class='ocrx_word' id='word_1_399' title='bbox 606 5218 635 5267; x_wconf 92' lang='lat' dir='ltr'><em>in</em></span> <span class='ocrx_word' id='word_1_400' title='bbox 894 5283 899 5293; x_wconf 94' lang='lat'><em>.</em></span> 
     </span>
     <span class='ocr_line' id='line_1_58' title="bbox 125 5279 953 5419; baseline 0.002 -26"><span class='ocrx_word' id='word_1_401' title='bbox 125 5279 201 5399; x_wconf 67' lang='lat' dir='ltr'><em>lit,</em></span> <span class='ocrx_word' id='word_1_402' title='bbox 211 5294 244 5393; x_wconf 79' lang='lat' dir='ltr'><em>tl</em></span> <span class='ocrx_word' id='word_1_403' title='bbox 245 5280 639 5417; x_wconf 61' lang='lat' dir='ltr'><em>titillamentis?</em></span> <span class='ocrx_word' id='word_1_404' title='bbox 648 5284 953 5419; x_wconf 52' lang='lat' dir='ltr'><em>eistetensem?</em></span> 
     </span>
    </p>

    <p class='ocr_par' dir='ltr' id='par_1_18' title="bbox 127 5403 954 5582">
     <span class='ocr_line' id='line_1_59' title="bbox 156 5403 874 5469; baseline 0.001 -14"><span class='ocrx_word' id='word_1_405' title='bbox 156 5403 167 5423; x_wconf 77' lang='lat'><em>⁶</em></span> <span class='ocrx_word' id='word_1_406' title='bbox 184 5404 224 5455; x_wconf 84' lang='lat' dir='ltr'><em>itd</em></span> <span class='ocrx_word' id='word_1_407' title='bbox 238 5405 398 5457; x_wconf 81' lang='lat' dir='ltr'><em>Vaticanum</em></span> <span class='ocrx_word' id='word_1_408' title='bbox 409 5403 547 5469; x_wconf 86' lang='lat' dir='ltr'><em>exempler</em></span> <span class='ocrx_word' id='word_1_409' title='bbox 560 5408 586 5455; x_wconf 88' lang='lat' dir='ltr'><em>et</em></span> <span class='ocrx_word' id='word_1_410' title='bbox 602 5405 636 5454; x_wconf 86' lang='lat' dir='ltr'><em>ed</em></span> <span class='ocrx_word' id='word_1_411' title='bbox 649 5405 713 5456; x_wconf 86' lang='lat' dir='ltr'><em>Loi.</em></span> <span class='ocrx_word' id='word_1_412' title='bbox 727 5420 789 5456; x_wconf 88' lang='lat' dir='ltr'><em>reoo</em></span> <span class='ocrx_word' id='word_1_413' title='bbox 810 5412 874 5457; x_wconf 86' lang='lat' dir='ltr'><em>nite.</em></span> 
     </span>
     <span class='ocr_line' id='line_1_60' title="bbox 127 5464 954 5582; baseline 0.006 -4"><span class='ocrx_word' id='word_1_414' title='bbox 127 5464 281 5579; x_wconf 53' lang='lat' dir='ltr'><em>abidi?</em></span> <span class='ocrx_word' id='word_1_415' title='bbox 295 5469 760 5582; x_wconf 66' lang='lat' dir='ltr'><em>iili.iltettttlletic⁰¹¹⁰</em></span> <span class='ocrx_word' id='word_1_416' title='bbox 776 5472 787 5519; x_wconf 89' lang='lat'>¹</span> <span class='ocrx_word' id='word_1_417' title='bbox 807 5470 832 5520; x_wconf 88' lang='lat'><em>⁷·</em></span> <span class='ocrx_word' id='word_1_418' title='bbox 851 5470 954 5536; x_wconf 49' lang='lat' dir='ltr'><em>Mb*</em></span> 
     </span>
    </p>
   </div>
   <div class='ocr_carea' id='block_1_4' title="bbox 129 5589 955 5721">
    <p class='ocr_par' dir='ltr' id='par_1_19' title="bbox 129 5589 955 5721">
     <span class='ocr_line' id='line_1_61' title="bbox 159 5589 955 5707; baseline 0.011 -69"><span class='ocrx_word' id='word_1_419' title='bbox 159 5589 195 5653; x_wconf 72' lang='lat' dir='ltr'><em>(bt</em></span> <span class='ocrx_word' id='word_1_420' title='bbox 204 5590 270 5704; x_wconf 54' lang='lat' dir='ltr'><em>quie</em></span> <span class='ocrx_word' id='word_1_421' title='bbox 279 5591 612 5707; x_wconf 51' lang='lat' dir='ltr'><em>llacisteretilgiseopuiin</em></span> <span class='ocrx_word' id='word_1_422' title='bbox 618 5595 754 5668; x_wconf 77' lang='lat' dir='ltr'><em>superiore</em></span> <span class='ocrx_word' id='word_1_423' title='bbox 767 5594 955 5670; x_wconf 72' lang='lat' dir='ltr'><em>epistolaribu-</em></span> 
     </span>
     <span class='ocr_line' id='line_1_62' title="bbox 129 5656 951 5721; baseline 0.005 -16"><span class='ocrx_word' id='word_1_424' title='bbox 129 5656 205 5710; x_wconf 85' lang='lat' dir='ltr'><em>tetue</em></span> <span class='ocrx_word' id='word_1_425' title='bbox 220 5656 455 5721; x_wconf 68' lang='lat' dir='ltr'><em>uiteugusunusn</em></span> <span class='ocrx_word' id='word_1_426' title='bbox 475 5670 545 5709; x_wconf 86' lang='lat' dir='ltr'><em>circo</em></span> <span class='ocrx_word' id='word_1_427' title='bbox 552 5656 639 5709; x_wconf 88' lang='lat' dir='ltr'><em>reddit</em></span> <span class='ocrx_word' id='word_1_428' title='bbox 647 5657 760 5711; x_wconf 84' lang='lat' dir='ltr'><em>salutem</em></span> <span class='ocrx_word' id='word_1_429' title='bbox 768 5656 842 5711; x_wconf 86' lang='lat' dir='ltr'><em>bisce</em></span> <span class='ocrx_word' id='word_1_430' title='bbox 850 5660 951 5716; x_wconf 83' lang='lat' dir='ltr'><em>uerbis.</em></span> 
     </span>
    </p>
   </div>
   <div class='ocr_carea' id='block_1_5' title="bbox 703 5218 952 5342">
    <p class='ocr_par' dir='ltr' id='par_1_20' title="bbox 703 5218 952 5342">
     <span class='ocr_line' id='line_1_63' title="bbox 703 5218 952 5342; baseline 0.012 -75"><span class='ocrx_word' id='word_1_431' title='bbox 703 5222 739 5270; x_wconf 89' lang='lat' dir='ltr'><em>est</em></span> <span class='ocrx_word' id='word_1_432' title='bbox 753 5218 821 5269; x_wconf 88' lang='lat' dir='ltr'><em>cocis</em></span> <span class='ocrx_word' id='word_1_433' title='bbox 830 5219 952 5342; x_wconf 54' lang='lat' dir='ltr'><em>olgeium,</em></span> 
     </span>
    </p>
   </div>
   <div class='ocr_carea' id='block_1_6' title="bbox 777 110 1201 191">
    <p class='ocr_par' dir='ltr' id='par_1_21' title="bbox 777 110 1201 191">
     <span class='ocr_line' id='line_1_64' title="bbox 777 110 1201 191; baseline -0.005 0"><span class='ocrx_word' id='word_1_434' title='bbox 777 132 810 191; x_wconf 86' lang='lat' dir='ltr'><em>s.</em></span> <span class='ocrx_word' id='word_1_435' title='bbox 827 110 1022 187; x_wconf 77' lang='lat' dir='ltr'><em>inausum</em></span> <span class='ocrx_word' id='word_1_436' title='bbox 1039 124 1201 189; x_wconf 81' lang='lat' dir='ltr'><em>eriseoei</em></span> 
     </span>
    </p>
   </div>
   <div class='ocr_carea' id='block_1_7' title="bbox 1010 236 1847 4503">
    <p class='ocr_par' dir='ltr' id='par_1_22' title="bbox 1010 236 1847 4503">
     <span class='ocr_line' id='line_1_65' title="bbox 1019 236 1845 310; baseline 0.018 -22"><span class='ocrx_word' id='word_1_437' title='bbox 1019 249 1097 307; x_wconf 87' lang='lat' dir='ltr'><em>quos</em></span> <span class='ocrx_word' id='word_1_438' title='bbox 1116 236 1274 296; x_wconf 89' lang='lat' dir='ltr'><em>nobiscum</em></span> <span class='ocrx_word' id='word_1_439' title='bbox 1293 240 1456 300; x_wconf 86' lang='lat' dir='ltr'><em>desiderati</em></span> <span class='ocrx_word' id='word_1_440' title='bbox 1474 239 1655 310; x_wconf 80' lang='lat' dir='ltr'><em>desiderare,</em></span> <span class='ocrx_word' id='word_1_441' title='bbox 1669 244 1698 301; x_wconf 85' lang='lat' dir='ltr'><em>ei</em></span> <span class='ocrx_word' id='word_1_442' title='bbox 1722 241 1845 303; x_wconf 71' lang='lat' dir='ltr'><em>miniati</em></span> 
     </span>
     <span class='ocr_line' id='line_1_66' title="bbox 1018 324 1847 401; baseline 0.017 -24"><span class='ocrx_word' id='word_1_443' title='bbox 1018 324 1180 383; x_wconf 79' lang='lat' dir='ltr'><em>resalutare</em></span> <span class='ocrx_word' id='word_1_444' title='bbox 1194 330 1373 401; x_wconf 75' lang='lat' dir='ltr'><em>consuestis,</em></span> <span class='ocrx_word' id='word_1_445' title='bbox 1386 331 1509 388; x_wconf 87' lang='lat' dir='ltr'><em>assidue</em></span> <span class='ocrx_word' id='word_1_446' title='bbox 1522 329 1635 397; x_wconf 82' lang='lat' dir='ltr'><em>rident,</em></span> <span class='ocrx_word' id='word_1_447' title='bbox 1648 345 1709 388; x_wconf 89' lang='lat' dir='ltr'><em>nori</em></span> <span class='ocrx_word' id='word_1_448' title='bbox 1720 335 1784 390; x_wconf 86' lang='lat' dir='ltr'><em>tam</em></span> <span class='ocrx_word' id='word_1_449' title='bbox 1793 349 1847 390; x_wconf 86' lang='lat' dir='ltr'><em>eii-</em></span> 
     </span>
     <span class='ocr_line' id='line_1_67' title="bbox 1018 414 1846 494; baseline 0.014 -27"><span class='ocrx_word' id='word_1_450' title='bbox 1018 419 1125 483; x_wconf 78' lang='lat' dir='ltr'><em>gentur</em></span> <span class='ocrx_word' id='word_1_451' title='bbox 1136 414 1216 472; x_wconf 87' lang='lat' dir='ltr'><em>bonu</em></span> <span class='ocrx_word' id='word_1_452' title='bbox 1228 426 1339 487; x_wconf 89' lang='lat' dir='ltr'><em>nostra,</em></span> <span class='ocrx_word' id='word_1_453' title='bbox 1355 436 1449 494; x_wconf 88' lang='lat' dir='ltr'><em>quam</em></span> <span class='ocrx_word' id='word_1_454' title='bbox 1461 419 1655 477; x_wconf 88' lang='lat' dir='ltr'><em>consolantur</em></span> <span class='ocrx_word' id='word_1_455' title='bbox 1664 421 1757 479; x_wconf 87' lang='lat' dir='ltr'><em>mela.</em></span> <span class='ocrx_word' id='word_1_456' title='bbox 1771 420 1846 479; x_wconf 82' lang='lat' dir='ltr'><em>iiam</em></span> 
     </span>
     <span class='ocr_line' id='line_1_68' title="bbox 1016 502 1845 583; baseline 0.012 -27"><span class='ocrx_word' id='word_1_457' title='bbox 1016 502 1098 575; x_wconf 86' lang='lat' dir='ltr'><em>ipsas</em></span> <span class='ocrx_word' id='word_1_458' title='bbox 1112 519 1221 562; x_wconf 86' lang='lat' dir='ltr'><em>causas</em></span> <span class='ocrx_word' id='word_1_459' title='bbox 1237 514 1264 563; x_wconf 91' lang='lat' dir='ltr'><em>et</em></span> <span class='ocrx_word' id='word_1_460' title='bbox 1277 510 1481 576; x_wconf 87' lang='lat' dir='ltr'><em>necessitates,</em></span> <span class='ocrx_word' id='word_1_461' title='bbox 1495 516 1523 567; x_wconf 93' lang='lat' dir='ltr'><em>et</em></span> <span class='ocrx_word' id='word_1_462' title='bbox 1536 515 1685 583; x_wconf 87' lang='lat' dir='ltr'><em>quantum</em></span> <span class='ocrx_word' id='word_1_463' title='bbox 1696 510 1845 578; x_wconf 80' lang='lat' dir='ltr'><em>velemus,</em></span> 
     </span>
     <span class='ocr_line' id='line_1_69' title="bbox 1016 589 1846 673; baseline 0.013 -27"><span class='ocrx_word' id='word_1_464' title='bbox 1016 589 1465 666; x_wconf 84' lang='lat' dir='ltr'><em>devitareeonamur,ettemen,</em></span> <span class='ocrx_word' id='word_1_465' title='bbox 1475 599 1846 673; x_wconf 87' lang='lat' dir='ltr'><em>nescioquomodo,oredo</em></span> 
     </span>
     <span class='ocr_line' id='line_1_70' title="bbox 1017 684 1846 762; baseline 0.011 -25"><span class='ocrx_word' id='word_1_466' title='bbox 1017 684 1189 753; x_wconf 90' lang='lat' dir='ltr'><em>promeritis</em></span> <span class='ocrx_word' id='word_1_467' title='bbox 1199 687 1429 756; x_wconf 86' lang='lat' dir='ltr'><em>nostris,deesse</em></span> <span class='ocrx_word' id='word_1_468' title='bbox 1439 705 1499 746; x_wconf 91' lang='lat' dir='ltr'><em>noa</em></span> <span class='ocrx_word' id='word_1_469' title='bbox 1510 693 1651 762; x_wconf 86' lang='lat' dir='ltr'><em>possunt:</em></span> <span class='ocrx_word' id='word_1_470' title='bbox 1661 688 1715 745; x_wconf 86' lang='lat' dir='ltr'><em>sed</em></span> <span class='ocrx_word' id='word_1_471' title='bbox 1724 705 1797 746; x_wconf 89' lang='lat' dir='ltr'><em>oum</em></span> <span class='ocrx_word' id='word_1_472' title='bbox 1807 689 1846 746; x_wconf 88' lang='lat' dir='ltr'><em>ad</em></span> 
     </span>
     <span class='ocr_line' id='line_1_71' title="bbox 1015 773 1842 851; baseline 0.011 -26"><span class='ocrx_word' id='word_1_473' title='bbox 1015 785 1071 827; x_wconf 92' lang='lat' dir='ltr'><em>nos</em></span> <span class='ocrx_word' id='word_1_474' title='bbox 1084 773 1215 840; x_wconf 83' lang='lat' dir='ltr'><em>veniunt,</em></span> <span class='ocrx_word' id='word_1_475' title='bbox 1229 782 1257 831; x_wconf 93' lang='lat' dir='ltr'><em>et</em></span> <span class='ocrx_word' id='word_1_476' title='bbox 1272 777 1372 834; x_wconf 85' lang='lat' dir='ltr'><em>vident</em></span> <span class='ocrx_word' id='word_1_477' title='bbox 1394 794 1458 844; x_wconf 87' lang='lat' dir='ltr'><em>nos,</em></span> <span class='ocrx_word' id='word_1_478' title='bbox 1476 778 1508 834; x_wconf 87' lang='lat' dir='ltr'><em>bt</em></span> <span class='ocrx_word' id='word_1_479' title='bbox 1522 778 1606 851; x_wconf 87' lang='lat' dir='ltr'><em>quod</em></span> <span class='ocrx_word' id='word_1_480' title='bbox 1629 779 1842 849; x_wconf 87' lang='lat' dir='ltr'><em>scriptumest.</em></span> 
     </span>
     <span class='ocr_line' id='line_1_72' title="bbox 1014 860 1846 925; baseline 0.011 -8"><span class='ocrx_word' id='word_1_481' title='bbox 1014 860 1183 919; x_wconf 84' lang='lat' dir='ltr'><em>Secundum</em></span> <span class='ocrx_word' id='word_1_482' title='bbox 1193 865 1415 925; x_wconf 80' lang='lat' dir='ltr'><em>multitudinem</em></span> <span class='ocrx_word' id='word_1_483' title='bbox 1424 868 1562 924; x_wconf 85' lang='lat' dir='ltr'><em>dolorum</em></span> <span class='ocrx_word' id='word_1_484' title='bbox 1573 881 1705 925; x_wconf 86' lang='lat' dir='ltr'><em>meorum</em></span> <span class='ocrx_word' id='word_1_485' title='bbox 1713 870 1745 923; x_wconf 89' lang='lat' dir='ltr'><em>in</em></span> <span class='ocrx_word' id='word_1_486' title='bbox 1758 867 1846 925; x_wconf 80' lang='lat' dir='ltr'><em>eorde</em></span> 
     </span>
     <span class='ocr_line' id='line_1_73' title="bbox 1014 952 1845 1027; baseline 0.011 -21"><span class='ocrx_word' id='word_1_487' title='bbox 1014 964 1088 1015; x_wconf 90' lang='lat' dir='ltr'><em>meo,</em></span> <span class='ocrx_word' id='word_1_488' title='bbox 1108 952 1332 1013; x_wconf 73' lang='lat' dir='ltr'><em>ennarrationes</em></span> <span class='ocrx_word' id='word_1_489' title='bbox 1356 962 1415 1013; x_wconf 81' lang='lat' dir='ltr'><em>tuce</em></span> <span class='ocrx_word' id='word_1_490' title='bbox 1435 957 1683 1027; x_wconf 77' lang='lat' dir='ltr'><em>jucundaverunt</em></span> <span class='ocrx_word' id='word_1_491' title='bbox 1711 957 1845 1015; x_wconf 89' lang='lat' dir='ltr'><em>animani</em></span> 
     </span>
     <span class='ocr_line' id='line_1_74' title="bbox 1014 1042 1847 1120; baseline 0.011 -25"><span class='ocrx_word' id='word_1_492' title='bbox 1014 1055 1107 1097; x_wconf 89' lang='lat' dir='ltr'><em>meam</em></span> <span class='ocrx_word' id='word_1_493' title='bbox 1115 1042 1209 1112; x_wconf 78' lang='lat' dir='ltr'><em>(Ptol.</em></span> <span class='ocrx_word' id='word_1_494' title='bbox 1217 1046 1357 1118; x_wconf 75' lang='lat' dir='ltr'><em>xciiult).</em></span> <span class='ocrx_word' id='word_1_495' title='bbox 1366 1045 1491 1103; x_wconf 80' lang='lat' dir='ltr'><em>Proinde</em></span> <span class='ocrx_word' id='word_1_496' title='bbox 1498 1047 1537 1103; x_wconf 88' lang='lat' dir='ltr'><em>ad</em></span> <span class='ocrx_word' id='word_1_497' title='bbox 1549 1047 1639 1103; x_wconf 88' lang='lat' dir='ltr'><em>istam</em></span> <span class='ocrx_word' id='word_1_498' title='bbox 1645 1046 1847 1120; x_wconf 77' lang='lat' dir='ltr'><em>letitiamque</em></span> 
     </span>
     <span class='ocr_line' id='line_1_75' title="bbox 1015 1128 1845 1209; baseline 0.012 -26"><span class='ocrx_word' id='word_1_499' title='bbox 1015 1128 1173 1186; x_wconf 85' lang='lat' dir='ltr'><em>vobiscum</em></span> <span class='ocrx_word' id='word_1_500' title='bbox 1189 1137 1232 1189; x_wconf 87' lang='lat' dir='ltr'><em>est</em></span> <span class='ocrx_word' id='word_1_501' title='bbox 1249 1132 1337 1191; x_wconf 81' lang='lat' dir='ltr'><em>irater</em></span> <span class='ocrx_word' id='word_1_502' title='bbox 1349 1136 1497 1192; x_wconf 75' lang='lat' dir='ltr'><em>Poseidion</em></span> <span class='ocrx_word' id='word_1_503' title='bbox 1512 1135 1567 1209; x_wconf 78' lang='lat' dir='ltr'><em>(a),</em></span> <span class='ocrx_word' id='word_1_504' title='bbox 1580 1151 1650 1192; x_wconf 85' lang='lat' dir='ltr'><em>cuin</em></span> <span class='ocrx_word' id='word_1_505' title='bbox 1663 1152 1699 1193; x_wconf 92' lang='lat' dir='ltr'><em>ex</em></span> <span class='ocrx_word' id='word_1_506' title='bbox 1714 1135 1781 1207; x_wconf 89' lang='lat' dir='ltr'><em>ipso</em></span> <span class='ocrx_word' id='word_1_507' title='bbox 1794 1152 1845 1193; x_wconf 86' lang='lat' dir='ltr'><em>iiu-</em></span> 
     </span>
     <span class='ocr_line' id='line_1_76' title="bbox 1014 1217 1845 1298; baseline 0.011 -26"><span class='ocrx_word' id='word_1_508' title='bbox 1014 1217 1127 1276; x_wconf 86' lang='lat' dir='ltr'><em>dieritis</em></span> <span class='ocrx_word' id='word_1_509' title='bbox 1136 1235 1229 1293; x_wconf 89' lang='lat' dir='ltr'><em>quem</em></span> <span class='ocrx_word' id='word_1_510' title='bbox 1242 1224 1333 1284; x_wconf 89' lang='lat' dir='ltr'><em>tristis</em></span> <span class='ocrx_word' id='word_1_511' title='bbox 1347 1242 1416 1283; x_wconf 90' lang='lat' dir='ltr'><em>eum</em></span> <span class='ocrx_word' id='word_1_512' title='bbox 1427 1241 1518 1283; x_wconf 79' lang='lat' dir='ltr'><em>caiisa</em></span> <span class='ocrx_word' id='word_1_513' title='bbox 1529 1223 1718 1298; x_wconf 90' lang='lat' dir='ltr'><em>compulerit,</em></span> <span class='ocrx_word' id='word_1_514' title='bbox 1729 1225 1788 1282; x_wconf 88' lang='lat' dir='ltr'><em>hoa</em></span> <span class='ocrx_word' id='word_1_515' title='bbox 1799 1241 1845 1281; x_wconf 92' lang='lat' dir='ltr'><em>me</em></span> 
     </span>
     <span class='ocr_line' id='line_1_77' title="bbox 1017 1308 1845 1387; baseline 0.012 -26"><span class='ocrx_word' id='word_1_516' title='bbox 1017 1308 1276 1372; x_wconf 85' lang='lat' dir='ltr'><em>verissimedieere</em></span> <span class='ocrx_word' id='word_1_517' title='bbox 1289 1316 1634 1387; x_wconf 77' lang='lat' dir='ltr'><em>cognoscetisieltamen</em></span> <span class='ocrx_word' id='word_1_518' title='bbox 1649 1315 1845 1387; x_wconf 84' lang='lat' dir='ltr'><em>siquisquem</em></span> 
     </span>
     <span class='ocr_line' id='line_1_78' title="bbox 1016 1403 1846 1477; baseline 0.01 -25"><span class='ocrx_word' id='word_1_519' title='bbox 1016 1405 1151 1457; x_wconf 91' lang='lat' dir='ltr'><em>nostium</em></span> <span class='ocrx_word' id='word_1_520' title='bbox 1168 1409 1289 1477; x_wconf 89' lang='lat' dir='ltr'><em>propter</em></span> <span class='ocrx_word' id='word_1_521' title='bbox 1306 1404 1364 1461; x_wconf 89' lang='lat' dir='ltr'><em>hoo</em></span> <span class='ocrx_word' id='word_1_522' title='bbox 1391 1403 1489 1461; x_wconf 87' lang='lat' dir='ltr'><em>solum</em></span> <span class='ocrx_word' id='word_1_523' title='bbox 1511 1403 1567 1460; x_wconf 90' lang='lat' dir='ltr'><em>iret</em></span> <span class='ocrx_word' id='word_1_524' title='bbox 1593 1409 1674 1460; x_wconf 86' lang='lat' dir='ltr'><em>trans</em></span> <span class='ocrx_word' id='word_1_525' title='bbox 1701 1418 1795 1473; x_wconf 89' lang='lat' dir='ltr'><em>mare,</em></span> <span class='ocrx_word' id='word_1_526' title='bbox 1815 1407 1846 1460; x_wconf 87' lang='lat' dir='ltr'><em>ut</em></span> 
     </span>
     <span class='ocr_line' id='line_1_79' title="bbox 1016 1492 1846 1566; baseline 0.008 -26"><span class='ocrx_word' id='word_1_527' title='bbox 1016 1492 1115 1545; x_wconf 86' lang='lat' dir='ltr'><em>vestre</em></span> <span class='ocrx_word' id='word_1_528' title='bbox 1128 1493 1287 1562; x_wconf 77' lang='lat' dir='ltr'><em>presentia</em></span> <span class='ocrx_word' id='word_1_529' title='bbox 1302 1493 1459 1558; x_wconf 84' lang='lat' dir='ltr'><em>lineretur,</em></span> <span class='ocrx_word' id='word_1_530' title='bbox 1471 1492 1546 1566; x_wconf 83' lang='lat' dir='ltr'><em>quid</em></span> <span class='ocrx_word' id='word_1_531' title='bbox 1559 1493 1616 1548; x_wconf 87' lang='lat' dir='ltr'><em>tino</em></span> <span class='ocrx_word' id='word_1_532' title='bbox 1629 1507 1724 1549; x_wconf 88' lang='lat' dir='ltr'><em>cause</em></span> <span class='ocrx_word' id='word_1_533' title='bbox 1735 1492 1846 1564; x_wconf 86' lang='lat' dir='ltr'><em>justins</em></span> 
     </span>
     <span class='ocr_line' id='line_1_80' title="bbox 1015 1576 1846 1652; baseline 0.01 -22"><span class='ocrx_word' id='word_1_534' title='bbox 1015 1576 1088 1647; x_wconf 86' lang='lat' dir='ltr'><em>quid</em></span> <span class='ocrx_word' id='word_1_535' title='bbox 1104 1581 1329 1652; x_wconf 81' lang='lat' dir='ltr'><em>posseldignius</em></span> <span class='ocrx_word' id='word_1_536' title='bbox 1344 1580 1490 1639; x_wconf 81' lang='lat' dir='ltr'><em>invenirit</em></span> <span class='ocrx_word' id='word_1_537' title='bbox 1504 1581 1559 1638; x_wconf 90' lang='lat' dir='ltr'><em>Sed</em></span> <span class='ocrx_word' id='word_1_538' title='bbox 1569 1579 1599 1637; x_wconf 90' lang='lat' dir='ltr'><em>id</em></span> <span class='ocrx_word' id='word_1_539' title='bbox 1613 1581 1733 1638; x_wconf 84' lang='lat' dir='ltr'><em>riuoula</em></span> <span class='ocrx_word' id='word_1_540' title='bbox 1744 1586 1846 1639; x_wconf 87' lang='lat' dir='ltr'><em>nostra</em></span> 
     </span>
     <span class='ocr_line' id='line_1_81' title="bbox 1016 1665 1846 1745; baseline 0.008 -25"><span class='ocrx_word' id='word_1_541' title='bbox 1016 1679 1077 1721; x_wconf 92' lang='lat' dir='ltr'><em>non</em></span> <span class='ocrx_word' id='word_1_542' title='bbox 1090 1665 1330 1745; x_wconf 83' lang='lat' dir='ltr'><em>terrent,quibue</em></span> <span class='ocrx_word' id='word_1_543' title='bbox 1341 1671 1455 1741; x_wconf 80' lang='lat' dir='ltr'><em>religati</em></span> <span class='ocrx_word' id='word_1_544' title='bbox 1469 1671 1774 1728; x_wconf 86' lang='lat' dir='ltr'><em>sumusinfiimorum</em></span> <span class='ocrx_word' id='word_1_545' title='bbox 1786 1686 1846 1727; x_wconf 89' lang='lat' dir='ltr'><em>ser·</em></span> 
     </span>
     <span class='ocr_line' id='line_1_82' title="bbox 1015 1755 1846 1833; baseline 0.007 -22"><span class='ocrx_word' id='word_1_546' title='bbox 1015 1755 1075 1812; x_wconf 84' lang='lat' dir='ltr'><em>vire</em></span> <span class='ocrx_word' id='word_1_547' title='bbox 1088 1756 1292 1830; x_wconf 76' lang='lat' dir='ltr'><em>languoribus,</em></span> <span class='ocrx_word' id='word_1_548' title='bbox 1301 1776 1356 1817; x_wconf 90' lang='lat' dir='ltr'><em>neo</em></span> <span class='ocrx_word' id='word_1_549' title='bbox 1364 1777 1416 1818; x_wconf 90' lang='lat' dir='ltr'><em>eos</em></span> <span class='ocrx_word' id='word_1_550' title='bbox 1428 1760 1588 1833; x_wconf 78' lang='lat' dir='ltr'><em>praesentia</em></span> <span class='ocrx_word' id='word_1_551' title='bbox 1598 1759 1749 1832; x_wconf 86' lang='lat' dir='ltr'><em>corporali</em></span> <span class='ocrx_word' id='word_1_552' title='bbox 1760 1758 1846 1817; x_wconf 84' lang='lat' dir='ltr'><em>relin-</em></span> 
     </span>
     <span class='ocr_line' id='line_1_83' title="bbox 1015 1847 1846 1923; baseline 0.007 -23"><span class='ocrx_word' id='word_1_553' title='bbox 1015 1847 1846 1923; x_wconf 78' lang='lat' dir='ltr'><em>quere‚nisioumhoccogunttentoimpeiiosius,quento</em></span> 
     </span>
     <span class='ocr_line' id='line_1_84' title="bbox 1015 1934 1847 2010; baseline 0.006 -20"><span class='ocrx_word' id='word_1_554' title='bbox 1015 1934 1213 2005; x_wconf 82' lang='lat' dir='ltr'><em>periculosius</em></span> <span class='ocrx_word' id='word_1_555' title='bbox 1224 1939 1410 2010; x_wconf 76' lang='lat' dir='ltr'><em>aegrotando.</em></span> <span class='ocrx_word' id='word_1_556' title='bbox 1420 1939 1521 1996; x_wconf 89' lang='lat' dir='ltr'><em>Utrum</em></span> <span class='ocrx_word' id='word_1_557' title='bbox 1533 1952 1726 1995; x_wconf 87' lang='lat' dir='ltr'><em>exerceamur</em></span> <span class='ocrx_word' id='word_1_558' title='bbox 1737 1937 1795 2002; x_wconf 87' lang='lat' dir='ltr'><em>bis.</em></span> <span class='ocrx_word' id='word_1_559' title='bbox 1809 1952 1847 1995; x_wconf 87' lang='lat' dir='ltr'><em>en</em></span> 
     </span>
     <span class='ocr_line' id='line_1_85' title="bbox 1015 2023 1846 2099; baseline 0.006 -21"><span class='ocrx_word' id='word_1_560' title='bbox 1015 2023 1114 2094; x_wconf 90' lang='lat' dir='ltr'><em>potius</em></span> <span class='ocrx_word' id='word_1_561' title='bbox 1127 2026 1301 2097; x_wconf 87' lang='lat' dir='ltr'><em>plectamur,</em></span> <span class='ocrx_word' id='word_1_562' title='bbox 1316 2029 1427 2089; x_wconf 88' lang='lat' dir='ltr'><em>neseio.</em></span> <span class='ocrx_word' id='word_1_563' title='bbox 1440 2027 1496 2083; x_wconf 89' lang='lat' dir='ltr'><em>nisi</em></span> <span class='ocrx_word' id='word_1_564' title='bbox 1508 2026 1591 2099; x_wconf 86' lang='lat' dir='ltr'><em>quod</em></span> <span class='ocrx_word' id='word_1_565' title='bbox 1605 2041 1666 2084; x_wconf 90' lang='lat' dir='ltr'><em>non</em></span> <span class='ocrx_word' id='word_1_566' title='bbox 1677 2026 1846 2083; x_wconf 89' lang='lat' dir='ltr'><em>seeundum</em></span> 
     </span>
     <span class='ocr_line' id='line_1_86' title="bbox 1014 2115 1845 2189; baseline 0.005 -21"><span class='ocrx_word' id='word_1_567' title='bbox 1014 2120 1139 2186; x_wconf 88' lang='lat' dir='ltr'><em>peccata</em></span> <span class='ocrx_word' id='word_1_568' title='bbox 1148 2124 1248 2174; x_wconf 89' lang='lat' dir='ltr'><em>nostra</em></span> <span class='ocrx_word' id='word_1_569' title='bbox 1259 2118 1328 2175; x_wconf 87' lang='lat' dir='ltr'><em>iecit</em></span> <span class='ocrx_word' id='word_1_570' title='bbox 1341 2116 1438 2184; x_wconf 88' lang='lat' dir='ltr'><em>nobis,</em></span> <span class='ocrx_word' id='word_1_571' title='bbox 1450 2133 1547 2189; x_wconf 84' lang='lat' dir='ltr'><em>neque</em></span> <span class='ocrx_word' id='word_1_572' title='bbox 1558 2116 1728 2174; x_wconf 89' lang='lat' dir='ltr'><em>secundum</em></span> <span class='ocrx_word' id='word_1_573' title='bbox 1738 2115 1845 2189; x_wconf 90' lang='lat' dir='ltr'><em>iniqui·</em></span> 
     </span>
     <span class='ocr_line' id='line_1_87' title="bbox 1015 2205 1847 2279; baseline 0.005 -22"><span class='ocrx_word' id='word_1_574' title='bbox 1015 2207 1088 2258; x_wconf 86' lang='lat' dir='ltr'><em>tates</em></span> <span class='ocrx_word' id='word_1_575' title='bbox 1101 2211 1218 2261; x_wconf 87' lang='lat' dir='ltr'><em>nostres</em></span> <span class='ocrx_word' id='word_1_576' title='bbox 1233 2206 1367 2264; x_wconf 89' lang='lat' dir='ltr'><em>retribuit</em></span> <span class='ocrx_word' id='word_1_577' title='bbox 1375 2206 1462 2264; x_wconf 88' lang='lat' dir='ltr'><em>nobis</em></span> <span class='ocrx_word' id='word_1_578' title='bbox 1471 2206 1565 2279; x_wconf 81' lang='lat' dir='ltr'><em>(Paul.</em></span> <span class='ocrx_word' id='word_1_579' title='bbox 1576 2222 1622 2274; x_wconf 88' lang='lat' dir='ltr'><em>eii,</em></span> <span class='ocrx_word' id='word_1_580' title='bbox 1632 2205 1689 2278; x_wconf 75' lang='grc' dir='ltr'>ιο),</span> <span class='ocrx_word' id='word_1_581' title='bbox 1700 2206 1752 2279; x_wconf 89' lang='lat' dir='ltr'><em>qui</em></span> <span class='ocrx_word' id='word_1_582' title='bbox 1764 2210 1847 2261; x_wconf 86' lang='lat' dir='ltr'><em>tenta</em></span> 
     </span>
     <span class='ocr_line' id='line_1_88' title="bbox 1015 2290 1844 2368; baseline 0.005 -22"><span class='ocrx_word' id='word_1_583' title='bbox 1015 2290 1280 2352; x_wconf 87' lang='lat' dir='ltr'><em>solatiadoloribus</em></span> <span class='ocrx_word' id='word_1_584' title='bbox 1292 2296 1534 2368; x_wconf 67' lang='lat' dir='ltr'><em>miscenagitque</em></span> <span class='ocrx_word' id='word_1_585' title='bbox 1547 2294 1674 2351; x_wconf 82' lang='lat' dir='ltr'><em>mirabili</em></span> <span class='ocrx_word' id='word_1_586' title='bbox 1684 2292 1844 2360; x_wconf 87' lang='lat' dir='ltr'><em>medicina,</em></span> 
     </span>
     <span class='ocr_line' id='line_1_89' title="bbox 1015 2381 1811 2445; baseline 0.004 -9"><span class='ocrx_word' id='word_1_587' title='bbox 1015 2396 1052 2437; x_wconf 88' lang='lat' dir='ltr'><em>ne</em></span> <span class='ocrx_word' id='word_1_588' title='bbox 1065 2396 1203 2440; x_wconf 88' lang='lat' dir='ltr'><em>ememus</em></span> <span class='ocrx_word' id='word_1_589' title='bbox 1220 2384 1379 2445; x_wconf 75' lang='lat' dir='ltr'><em>mundum,</em></span> <span class='ocrx_word' id='word_1_590' title='bbox 1396 2400 1433 2441; x_wconf 90' lang='lat' dir='ltr'><em>ne</em></span> <span class='ocrx_word' id='word_1_591' title='bbox 1445 2383 1622 2441; x_wconf 85' lang='lat' dir='ltr'><em>deficiemus</em></span> <span class='ocrx_word' id='word_1_592' title='bbox 1634 2383 1664 2440; x_wconf 91' lang='lat' dir='ltr'><em>in</em></span> <span class='ocrx_word' id='word_1_593' title='bbox 1683 2381 1811 2440; x_wconf 91' lang='lat' dir='ltr'><em>mundo.</em></span> 
     </span>
     <span class='ocr_line' id='line_1_90' title="bbox 1050 2471 1845 2546; baseline 0.001 -20"><span class='ocrx_word' id='word_1_594' title='bbox 1050 2475 1076 2526; x_wconf 80' lang='lat'><em>2.</em></span> <span class='ocrx_word' id='word_1_595' title='bbox 1093 2471 1223 2537; x_wconf 81' lang='lat' dir='ltr'><em>Quiesiri</em></span> <span class='ocrx_word' id='word_1_596' title='bbox 1239 2473 1294 2530; x_wconf 87' lang='lat' dir='ltr'><em>ebs</em></span> <span class='ocrx_word' id='word_1_597' title='bbox 1313 2479 1341 2531; x_wconf 88' lang='lat' dir='ltr'><em>tc</em></span> <span class='ocrx_word' id='word_1_598' title='bbox 1365 2474 1515 2545; x_wconf 87' lang='lat' dir='ltr'><em>prioribus</em></span> <span class='ocrx_word' id='word_1_599' title='bbox 1534 2473 1648 2539; x_wconf 85' lang='lat' dir='ltr'><em>litteris,</em></span> <span class='ocrx_word' id='word_1_600' title='bbox 1672 2472 1845 2546; x_wconf 83' lang='lat' dir='ltr'><em>qualisnam</em></span> 
     </span>
     <span class='ocr_line' id='line_1_91' title="bbox 1014 2559 1846 2627; baseline 0.001 -11"><span class='ocrx_word' id='word_1_601' title='bbox 1014 2559 1067 2616; x_wconf 89' lang='lat' dir='ltr'><em>tibi</em></span> <span class='ocrx_word' id='word_1_602' title='bbox 1075 2561 1499 2620; x_wconf 83' lang='lat' dir='ltr'><em>videaturiutiiraieternerite</em></span> <span class='ocrx_word' id='word_1_603' title='bbox 1509 2566 1699 2627; x_wconf 73' lang='lat' dir='ltr'><em>senatorum</em></span> <span class='ocrx_word' id='word_1_604' title='bbox 1711 2560 1763 2617; x_wconf 91' lang='lat' dir='ltr'><em>sed</em></span> <span class='ocrx_word' id='word_1_605' title='bbox 1771 2561 1846 2618; x_wconf 88' lang='lat' dir='ltr'><em>bene</em></span> 
     </span>
     <span class='ocr_line' id='line_1_92' title="bbox 1014 2649 1846 2725; baseline 0.005 -22"><span class='ocrx_word' id='word_1_606' title='bbox 1014 2649 1846 2725; x_wconf 78' lang='lat' dir='ltr'><em>mibirespondisti,etiamdeproesentisviteistatuadbuc</em></span> 
     </span>
     <span class='ocr_line' id='line_1_93' title="bbox 1014 2738 1845 2815; baseline 0.001 -21"><span class='ocrx_word' id='word_1_607' title='bbox 1014 2752 1080 2794; x_wconf 87' lang='lat' dir='ltr'><em>esee</em></span> <span class='ocrx_word' id='word_1_608' title='bbox 1096 2740 1198 2812; x_wconf 87' lang='lat' dir='ltr'><em>utique</em></span> <span class='ocrx_word' id='word_1_609' title='bbox 1210 2742 1429 2799; x_wconf 89' lang='lat' dir='ltr'><em>consulendum</em></span> <span class='ocrx_word' id='word_1_610' title='bbox 1440 2758 1447 2796; x_wconf 76' lang='grc' dir='ltr'><strong><em>ε</em></strong></span> <span class='ocrx_word' id='word_1_611' title='bbox 1460 2741 1516 2797; x_wconf 87' lang='lat' dir='ltr'><em>nisi</em></span> <span class='ocrx_word' id='word_1_612' title='bbox 1528 2740 1611 2815; x_wconf 91' lang='lat' dir='ltr'><em>quod</em></span> <span class='ocrx_word' id='word_1_613' title='bbox 1626 2755 1673 2797; x_wconf 89' lang='lat' dir='ltr'><em>me</em></span> <span class='ocrx_word' id='word_1_614' title='bbox 1689 2738 1845 2797; x_wconf 82' lang='lat' dir='ltr'><em>consulere</em></span> 
     </span>
     <span class='ocr_line' id='line_1_94' title="bbox 1014 2825 1842 2902; baseline 0.004 -21"><span class='ocrx_word' id='word_1_615' title='bbox 1014 2825 1143 2894; x_wconf 85' lang='lat' dir='ltr'><em>voluisti,</em></span> <span class='ocrx_word' id='word_1_616' title='bbox 1153 2830 1236 2902; x_wconf 85' lang='lat' dir='ltr'><em>quod</em></span> <span class='ocrx_word' id='word_1_617' title='bbox 1251 2836 1302 2887; x_wconf 88' lang='lat' dir='ltr'><em>aut</em></span> <span class='ocrx_word' id='word_1_618' title='bbox 1317 2846 1436 2887; x_wconf 88' lang='lat' dir='ltr'><em>mecum</em></span> <span class='ocrx_word' id='word_1_619' title='bbox 1450 2829 1557 2898; x_wconf 87' lang='lat' dir='ltr'><em>nescis,</em></span> <span class='ocrx_word' id='word_1_620' title='bbox 1573 2833 1625 2886; x_wconf 88' lang='lat' dir='ltr'><em>aut</em></span> <span class='ocrx_word' id='word_1_621' title='bbox 1640 2844 1762 2885; x_wconf 90' lang='lat' dir='ltr'><em>mecum</em></span> <span class='ocrx_word' id='word_1_622' title='bbox 1775 2826 1842 2892; x_wconf 86' lang='lat' dir='ltr'><em>sois,</em></span> 
     </span>
     <span class='ocr_line' id='line_1_95' title="bbox 1014 2916 1844 2993; baseline 0.001 -21"><span class='ocrx_word' id='word_1_623' title='bbox 1014 2921 1066 2973; x_wconf 81' lang='lat' dir='ltr'><em>aut</em></span> <span class='ocrx_word' id='word_1_624' title='bbox 1083 2920 1179 2988; x_wconf 75' lang='lat' dir='ltr'><em>megia</em></span> <span class='ocrx_word' id='word_1_625' title='bbox 1199 2935 1293 2993; x_wconf 89' lang='lat' dir='ltr'><em>quam</em></span> <span class='ocrx_word' id='word_1_626' title='bbox 1317 2935 1389 2991; x_wconf 80' lang='lat' dir='ltr'><em>ergo</em></span> <span class='ocrx_word' id='word_1_627' title='bbox 1408 2919 1532 2977; x_wconf 72' lang='lat' dir='ltr'><em>forsitan</em></span> <span class='ocrx_word' id='word_1_628' title='bbox 1552 2917 1633 2990; x_wconf 87' lang='lat' dir='ltr'><em>sois;</em></span> <span class='ocrx_word' id='word_1_629' title='bbox 1658 2918 1777 2991; x_wconf 88' lang='lat' dir='ltr'><em>quippe</em></span> <span class='ocrx_word' id='word_1_630' title='bbox 1793 2916 1844 2990; x_wconf 82' lang='lat' dir='ltr'><em>qui</em></span> 
     </span>
     <span class='ocr_line' id='line_1_96' title="bbox 1013 3005 1844 3078; baseline 0 -18"><span class='ocrx_word' id='word_1_631' title='bbox 1013 3005 1103 3061; x_wconf 89' lang='lat' dir='ltr'><em>etiam</em></span> <span class='ocrx_word' id='word_1_632' title='bbox 1117 3007 1271 3064; x_wconf 83' lang='lat' dir='ltr'><em>verissime</em></span> <span class='ocrx_word' id='word_1_633' title='bbox 1281 3008 1391 3065; x_wconf 81' lang='lat' dir='ltr'><em>dixeris</em></span> <span class='ocrx_word' id='word_1_634' title='bbox 1401 3005 1606 3077; x_wconf 77' lang='lat' dir='ltr'><em>evangelicam</em></span> <span class='ocrx_word' id='word_1_635' title='bbox 1619 3011 1749 3062; x_wconf 86' lang='lat' dir='ltr'><em>mortem</em></span> <span class='ocrx_word' id='word_1_636' title='bbox 1763 3005 1844 3078; x_wconf 91' lang='lat' dir='ltr'><em>prins</em></span> 
     </span>
     <span class='ocr_line' id='line_1_97' title="bbox 1013 3093 1843 3170; baseline -0.001 -19"><span class='ocrx_word' id='word_1_637' title='bbox 1013 3095 1232 3166; x_wconf 83' lang='lat' dir='ltr'><em>emoriendum,</em></span> <span class='ocrx_word' id='word_1_638' title='bbox 1243 3111 1337 3170; x_wconf 84' lang='lat' dir='ltr'><em>quam</em></span> <span class='ocrx_word' id='word_1_639' title='bbox 1346 3096 1499 3154; x_wconf 86' lang='lat' dir='ltr'><em>carnalem</em></span> <span class='ocrx_word' id='word_1_640' title='bbox 1512 3095 1730 3153; x_wconf 81' lang='lat' dir='ltr'><em>resolutionem</em></span> <span class='ocrx_word' id='word_1_641' title='bbox 1741 3093 1843 3151; x_wconf 86' lang='lat' dir='ltr'><em>volun·</em></span> 
     </span>
     <span class='ocr_line' id='line_1_98' title="bbox 1013 3182 1844 3256; baseline 0.001 -17"><span class='ocrx_word' id='word_1_642' title='bbox 1013 3183 1089 3240; x_wconf 88' lang='lat' dir='ltr'><em>tario</em></span> <span class='ocrx_word' id='word_1_643' title='bbox 1102 3185 1323 3256; x_wconf 81' lang='lat' dir='ltr'><em>proeveniemus</em></span> <span class='ocrx_word' id='word_1_644' title='bbox 1335 3201 1470 3253; x_wconf 90' lang='lat' dir='ltr'><em>excessu,</em></span> <span class='ocrx_word' id='word_1_645' title='bbox 1482 3200 1541 3242; x_wconf 92' lang='lat' dir='ltr'><em>non</em></span> <span class='ocrx_word' id='word_1_646' title='bbox 1552 3183 1648 3250; x_wconf 92' lang='lat' dir='ltr'><em>obitu,</em></span> <span class='ocrx_word' id='word_1_647' title='bbox 1660 3182 1715 3239; x_wconf 88' lang='lat' dir='ltr'><em>sed</em></span> <span class='ocrx_word' id='word_1_648' title='bbox 1725 3186 1844 3240; x_wconf 74' lang='lat' dir='ltr'><em>senmu-</em></span> 
     </span>
     <span class='ocr_line' id='line_1_99' title="bbox 1011 3271 1843 3347; baseline 0 -19"><span class='ocrx_word' id='word_1_649' title='bbox 1011 3272 1054 3329; x_wconf 83' lang='lat' dir='ltr'><em>tie</em></span> <span class='ocrx_word' id='word_1_650' title='bbox 1072 3273 1243 3331; x_wconf 84' lang='lat' dir='ltr'><em>recedentes</em></span> <span class='ocrx_word' id='word_1_651' title='bbox 1257 3274 1296 3330; x_wconf 85' lang='lat' dir='ltr'><em>ab</em></span> <span class='ocrx_word' id='word_1_652' title='bbox 1311 3274 1404 3347; x_wconf 89' lang='lat' dir='ltr'><em>hujus</em></span> <span class='ocrx_word' id='word_1_653' title='bbox 1419 3271 1523 3330; x_wconf 79' lang='lat' dir='ltr'><em>saeculi</em></span> <span class='ocrx_word' id='word_1_654' title='bbox 1534 3274 1606 3330; x_wconf 84' lang='lat' dir='ltr'><em>rita.</em></span> <span class='ocrx_word' id='word_1_655' title='bbox 1631 3271 1768 3344; x_wconf 85' lang='lat' dir='ltr'><em>Simplex</em></span> <span class='ocrx_word' id='word_1_656' title='bbox 1781 3271 1843 3328; x_wconf 83' lang='lat' dir='ltr'><em>brec</em></span> 
     </span>
     <span class='ocr_line' id='line_1_100' title="bbox 1012 3358 1841 3434; baseline -0.002 -16"><span class='ocrx_word' id='word_1_657' title='bbox 1012 3361 1101 3429; x_wconf 86' lang='lat' dir='ltr'><em>ectio,</em></span> <span class='ocrx_word' id='word_1_658' title='bbox 1113 3368 1142 3419; x_wconf 90' lang='lat' dir='ltr'><em>et</em></span> <span class='ocrx_word' id='word_1_659' title='bbox 1152 3362 1234 3419; x_wconf 90' lang='lat' dir='ltr'><em>nutto</em></span> <span class='ocrx_word' id='word_1_660' title='bbox 1247 3363 1441 3422; x_wconf 84' lang='lat' dir='ltr'><em>dubitationis</em></span> <span class='ocrx_word' id='word_1_661' title='bbox 1459 3367 1537 3420; x_wconf 77' lang='lat' dir='ltr'><em>testu</em></span> <span class='ocrx_word' id='word_1_662' title='bbox 1551 3361 1688 3427; x_wconf 59' lang='lat' dir='ltr'><em>fluctuem</em></span> <span class='ocrx_word' id='word_1_663' title='bbox 1705 3358 1792 3434; x_wconf 88' lang='lat' dir='ltr'><em>quod</em></span> <span class='ocrx_word' id='word_1_664' title='bbox 1805 3361 1841 3417; x_wconf 88' lang='lat' dir='ltr'><em>ita</em></span> 
     </span>
     <span class='ocr_line' id='line_1_101' title="bbox 1011 3446 1841 3523; baseline -0.002 -16"><span class='ocrx_word' id='word_1_665' title='bbox 1011 3466 1067 3507; x_wconf 91' lang='lat' dir='ltr'><em>nos</em></span> <span class='ocrx_word' id='word_1_666' title='bbox 1090 3451 1189 3508; x_wconf 84' lang='lat' dir='ltr'><em>rivere</em></span> <span class='ocrx_word' id='word_1_667' title='bbox 1203 3458 1341 3523; x_wconf 88' lang='lat' dir='ltr'><em>oportere</em></span> <span class='ocrx_word' id='word_1_668' title='bbox 1359 3467 1517 3508; x_wconf 87' lang='lat' dir='ltr'><em>censemus</em></span> <span class='ocrx_word' id='word_1_669' title='bbox 1531 3450 1561 3506; x_wconf 90' lang='grc' dir='ltr'><em>ιιι</em></span> <span class='ocrx_word' id='word_1_670' title='bbox 1576 3450 1635 3506; x_wconf 87' lang='lat' dir='ltr'><em>hee</em></span> <span class='ocrx_word' id='word_1_671' title='bbox 1648 3450 1710 3506; x_wconf 84' lang='lat' dir='ltr'><em>vite</em></span> <span class='ocrx_word' id='word_1_672' title='bbox 1725 3446 1841 3507; x_wconf 86' lang='lat' dir='ltr'><em>mortali</em></span> 
     </span>
     <span class='ocr_line' id='line_1_102' title="bbox 1010 3540 1840 3615; baseline -0.001 -19"><span class='ocrx_word' id='word_1_673' title='bbox 1010 3542 1118 3597; x_wconf 81' lang='lat' dir='ltr'><em>utvilm</em></span> <span class='ocrx_word' id='word_1_674' title='bbox 1129 3540 1290 3598; x_wconf 86' lang='lat' dir='ltr'><em>immortali</em></span> <span class='ocrx_word' id='word_1_675' title='bbox 1300 3541 1529 3615; x_wconf 83' lang='lat' dir='ltr'><em>quodammodo</em></span> <span class='ocrx_word' id='word_1_676' title='bbox 1538 3540 1840 3613; x_wconf 67' lang='lat' dir='ltr'><em>connumeremini</em></span> 
     </span>
     <span class='ocr_line' id='line_1_103' title="bbox 1010 3629 1840 3703; baseline -0.004 -17"><span class='ocrx_word' id='word_1_677' title='bbox 1010 3629 1108 3686; x_wconf 89' lang='lat' dir='ltr'><em>omnis</em></span> <span class='ocrx_word' id='word_1_678' title='bbox 1120 3631 1257 3703; x_wconf 68' lang='lat' dir='ltr'><em>minatio,</em></span> <span class='ocrx_word' id='word_1_679' title='bbox 1270 3646 1339 3703; x_wconf 85' lang='lat' dir='ltr'><em>quie</em></span> <span class='ocrx_word' id='word_1_680' title='bbox 1352 3636 1472 3702; x_wconf 77' lang='lat' dir='ltr'><em>egentes</em></span> <span class='ocrx_word' id='word_1_681' title='bbox 1483 3637 1712 3703; x_wconf 66' lang='lat' dir='ltr'><em>querentesque</em></span> <span class='ocrx_word' id='word_1_682' title='bbox 1723 3633 1840 3684; x_wconf 87' lang='lat' dir='ltr'><em>contur-</em></span> 
     </span>
     <span class='ocr_line' id='line_1_104' title="bbox 1012 3716 1837 3792; baseline -0.001 -18"><span class='ocrx_word' id='word_1_683' title='bbox 1012 3718 1527 3792; x_wconf 62' lang='lat' dir='ltr'><em>bainominesquilisegosnmitta</em></span> <span class='ocrx_word' id='word_1_684' title='bbox 1536 3722 1737 3790; x_wconf 87' lang='lat' dir='ltr'><em>est,quonam</em></span> <span class='ocrx_word' id='word_1_685' title='bbox 1747 3716 1837 3775; x_wconf 88' lang='lat' dir='ltr'><em>modo</em></span> 
     </span>
     <span class='ocr_line' id='line_1_105' title="bbox 1010 3804 1838 3880; baseline -0.005 -14"><span class='ocrx_word' id='word_1_686' title='bbox 1010 3807 1174 3866; x_wconf 84' lang='lat' dir='ltr'><em>vivendum</em></span> <span class='ocrx_word' id='word_1_687' title='bbox 1190 3809 1236 3876; x_wconf 89' lang='lat' dir='ltr'><em>sit,</em></span> <span class='ocrx_word' id='word_1_688' title='bbox 1253 3808 1298 3865; x_wconf 84' lang='lat' dir='ltr'><em>vel</em></span> <span class='ocrx_word' id='word_1_689' title='bbox 1318 3810 1395 3867; x_wconf 90' lang='lat' dir='ltr'><em>inter</em></span> <span class='ocrx_word' id='word_1_690' title='bbox 1413 3824 1477 3876; x_wconf 90' lang='lat' dir='ltr'><em>eos,</em></span> <span class='ocrx_word' id='word_1_691' title='bbox 1501 3807 1549 3865; x_wconf 88' lang='lat' dir='ltr'><em>vel</em></span> <span class='ocrx_word' id='word_1_692' title='bbox 1570 3811 1695 3880; x_wconf 86' lang='lat' dir='ltr'><em>propter</em></span> <span class='ocrx_word' id='word_1_693' title='bbox 1714 3820 1769 3863; x_wconf 89' lang='lat' dir='ltr'><em>eos</em></span> <span class='ocrx_word' id='word_1_694' title='bbox 1788 3804 1838 3880; x_wconf 79' lang='lat' dir='ltr'><em>qui</em></span> 
     </span>
     <span class='ocr_line' id='line_1_106' title="bbox 1010 3893 1837 3965; baseline -0.002 -13"><span class='ocrx_word' id='word_1_695' title='bbox 1010 3898 1252 3955; x_wconf 84' lang='lat' dir='ltr'><em>nondumiiveie</em></span> <span class='ocrx_word' id='word_1_696' title='bbox 1259 3898 1415 3955; x_wconf 90' lang='lat' dir='ltr'><em>moriendo</em></span> <span class='ocrx_word' id='word_1_697' title='bbox 1423 3899 1582 3965; x_wconf 84' lang='lat' dir='ltr'><em>noverunt,</em></span> <span class='ocrx_word' id='word_1_698' title='bbox 1589 3893 1837 3953; x_wconf 87' lang='lat' dir='ltr'><em>nonresolutione</em></span> 
     </span>
     <span class='ocr_line' id='line_1_107' title="bbox 1010 3982 1837 4060; baseline -0.007 -17"><span class='ocrx_word' id='word_1_699' title='bbox 1010 3986 1156 4058; x_wconf 89' lang='lat' dir='ltr'><em>corporis,</em></span> <span class='ocrx_word' id='word_1_700' title='bbox 1172 3986 1224 4042; x_wconf 88' lang='lat' dir='ltr'><em>sed</em></span> <span class='ocrx_word' id='word_1_701' title='bbox 1239 3988 1373 4060; x_wconf 87' lang='lat' dir='ltr'><em>quodem</em></span> <span class='ocrx_word' id='word_1_702' title='bbox 1388 4001 1420 4042; x_wconf 88' lang='lat' dir='ltr'><em>so</em></span> <span class='ocrx_word' id='word_1_703' title='bbox 1434 4002 1453 4042; x_wconf 91' lang='lat' dir='ltr'><em>a</em></span> <span class='ocrx_word' id='word_1_704' title='bbox 1466 3983 1675 4058; x_wconf 85' lang='lat' dir='ltr'><em>corporalibus</em></span> <span class='ocrx_word' id='word_1_705' title='bbox 1690 3982 1837 4040; x_wconf 87' lang='lat' dir='ltr'><em>illecebris</em></span> 
     </span>
     <span class='ocr_line' id='line_1_108' title="bbox 1011 4069 1840 4147; baseline -0.005 -16"><span class='ocrx_word' id='word_1_706' title='bbox 1011 4079 1178 4131; x_wconf 83' lang='lat' dir='ltr'><em>evertentes</em></span> <span class='ocrx_word' id='word_1_707' title='bbox 1191 4077 1298 4132; x_wconf 91' lang='lat' dir='ltr'><em>mentis</em></span> <span class='ocrx_word' id='word_1_708' title='bbox 1307 4075 1426 4133; x_wconf 82' lang='lat' dir='ltr'><em>affectu.</em></span> <span class='ocrx_word' id='word_1_709' title='bbox 1440 4075 1620 4147; x_wconf 78' lang='lat' dir='ltr'><em>Plerumque</em></span> <span class='ocrx_word' id='word_1_710' title='bbox 1627 4073 1710 4129; x_wconf 88' lang='lat' dir='ltr'><em>enim</em></span> <span class='ocrx_word' id='word_1_711' title='bbox 1720 4069 1840 4129; x_wconf 84' lang='lat' dir='ltr'><em>videtur</em></span> 
     </span>
     <span class='ocr_line' id='line_1_109' title="bbox 1011 4158 1837 4238; baseline -0.004 -18"><span class='ocrx_word' id='word_1_712' title='bbox 1011 4164 1100 4221; x_wconf 88' lang='lat' dir='ltr'><em>nobis</em></span> <span class='ocrx_word' id='word_1_713' title='bbox 1113 4165 1197 4238; x_wconf 88' lang='lat' dir='ltr'><em>quod</em></span> <span class='ocrx_word' id='word_1_714' title='bbox 1216 4164 1272 4221; x_wconf 87' lang='lat' dir='ltr'><em>nisi</em></span> <span class='ocrx_word' id='word_1_715' title='bbox 1287 4165 1329 4222; x_wconf 90' lang='lat' dir='ltr'><em>eis</em></span> <span class='ocrx_word' id='word_1_716' title='bbox 1342 4164 1562 4238; x_wconf 77' lang='lat' dir='ltr'><em>aliquantulum</em></span> <span class='ocrx_word' id='word_1_717' title='bbox 1576 4176 1785 4233; x_wconf 78' lang='lat' dir='ltr'><em>congruamus</em></span> <span class='ocrx_word' id='word_1_718' title='bbox 1800 4158 1837 4217; x_wconf 85' lang='lat' dir='ltr'><em>ad</em></span> 
     </span>
     <span class='ocr_line' id='line_1_110' title="bbox 1011 4248 1836 4326; baseline -0.01 -15"><span class='ocrx_word' id='word_1_719' title='bbox 1011 4269 1048 4311; x_wconf 86' lang='lat' dir='ltr'><em>en</em></span> <span class='ocrx_word' id='word_1_720' title='bbox 1061 4255 1128 4326; x_wconf 87' lang='lat' dir='ltr'><em>ipse</em></span> <span class='ocrx_word' id='word_1_721' title='bbox 1151 4255 1230 4311; x_wconf 90' lang='lat' dir='ltr'><em>unde</em></span> <span class='ocrx_word' id='word_1_722' title='bbox 1249 4253 1315 4311; x_wconf 89' lang='lat' dir='ltr'><em>illos</em></span> <span class='ocrx_word' id='word_1_723' title='bbox 1329 4252 1444 4311; x_wconf 86' lang='lat' dir='ltr'><em>extrahi</em></span> <span class='ocrx_word' id='word_1_724' title='bbox 1458 4253 1609 4325; x_wconf 88' lang='lat' dir='ltr'><em>cupimus,</em></span> <span class='ocrx_word' id='word_1_725' title='bbox 1620 4250 1694 4308; x_wconf 88' lang='lat' dir='ltr'><em>nibil</em></span> <span class='ocrx_word' id='word_1_726' title='bbox 1708 4265 1780 4308; x_wconf 87' lang='lat' dir='ltr'><em>oum</em></span> <span class='ocrx_word' id='word_1_727' title='bbox 1795 4248 1836 4307; x_wconf 90' lang='lat' dir='ltr'><em>eie</em></span> 
     </span>
     <span class='ocr_line' id='line_1_111' title="bbox 1012 4338 1837 4415; baseline -0.005 -17"><span class='ocrx_word' id='word_1_728' title='bbox 1012 4343 1172 4400; x_wconf 88' lang='lat' dir='ltr'><em>salubriter</em></span> <span class='ocrx_word' id='word_1_729' title='bbox 1194 4358 1281 4415; x_wconf 78' lang='lat' dir='ltr'><em>agere</em></span> <span class='ocrx_word' id='word_1_730' title='bbox 1305 4342 1479 4415; x_wconf 88' lang='lat' dir='ltr'><em>poterimus.</em></span> <span class='ocrx_word' id='word_1_731' title='bbox 1505 4341 1589 4409; x_wconf 75' lang='lat' dir='ltr'><em>Quod</em></span> <span class='ocrx_word' id='word_1_732' title='bbox 1609 4355 1680 4396; x_wconf 91' lang='lat' dir='ltr'><em>oum</em></span> <span class='ocrx_word' id='word_1_733' title='bbox 1700 4338 1837 4403; x_wconf 83' lang='lat' dir='ltr'><em>lecimus,</em></span> 
     </span>
     <span class='ocr_line' id='line_1_112' title="bbox 1012 4427 1836 4503; baseline -0.006 -14"><span class='ocrx_word' id='word_1_734' title='bbox 1012 4432 1117 4489; x_wconf 85' lang='lat' dir='ltr'><em>tetiam</em></span> <span class='ocrx_word' id='word_1_735' title='bbox 1136 4431 1292 4489; x_wconf 86' lang='lat' dir='ltr'><em>delectatio</em></span> <span class='ocrx_word' id='word_1_736' title='bbox 1306 4430 1440 4503; x_wconf 90' lang='lat' dir='ltr'><em>subrepit</em></span> <span class='ocrx_word' id='word_1_737' title='bbox 1454 4429 1734 4502; x_wconf 63' lang='lat' dir='ltr'><em>senoniensium</em></span> <span class='ocrx_word' id='word_1_738' title='bbox 1749 4427 1836 4485; x_wconf 84' lang='lat' dir='ltr'><em>etiem</em></span> 
     </span>
    </p>
   </div>
   <div class='ocr_carea' id='block_1_8' title="bbox 1009 4587 1839 5731">
    <p class='ocr_par' dir='ltr' id='par_1_23' title="bbox 1009 4587 1839 5731">
     <span class='ocr_line' id='line_1_113' title="bbox 1012 4587 1838 4658; baseline -0.01 -13"><span class='ocrx_word' id='word_1_739' title='bbox 1012 4592 1149 4658; x_wconf 88' lang='lat' dir='ltr'><em>exquibus</em></span> <span class='ocrx_word' id='word_1_740' title='bbox 1161 4591 1248 4643; x_wconf 88' lang='lat' dir='ltr'><em>obiter</em></span> <span class='ocrx_word' id='word_1_741' title='bbox 1255 4591 1406 4642; x_wconf 84' lang='lat' dir='ltr'><em>oon&#39;eetare</em></span> <span class='ocrx_word' id='word_1_742' title='bbox 1413 4588 1559 4640; x_wconf 88' lang='lat' dir='ltr'><em>nobislicet</em></span> <span class='ocrx_word' id='word_1_743' title='bbox 1570 4588 1732 4653; x_wconf 75' lang='lat' dir='ltr'><em>dignitatem</em></span> <span class='ocrx_word' id='word_1_744' title='bbox 1739 4587 1838 4653; x_wconf 86' lang='lat' dir='ltr'><em>epieco-</em></span> 
     </span>
     <span class='ocr_line' id='line_1_114' title="bbox 1011 4649 1836 4725; baseline -0.008 -18"><span class='ocrx_word' id='word_1_745' title='bbox 1011 4656 1100 4722; x_wconf 88' lang='lat' dir='ltr'><em>palem</em></span> <span class='ocrx_word' id='word_1_746' title='bbox 1112 4659 1174 4706; x_wconf 91' lang='lat' dir='ltr'><em>ante</em></span> <span class='ocrx_word' id='word_1_747' title='bbox 1183 4668 1286 4706; x_wconf 81' lang='lat' dir='ltr'><em>annum</em></span> <span class='ocrx_word' id='word_1_748' title='bbox 1316 4655 1346 4703; x_wconf 75' lang='lat' dir='ltr'><em>bb</em></span> <span class='ocrx_word' id='word_1_749' title='bbox 1357 4667 1411 4703; x_wconf 93' lang='lat' dir='ltr'><em>non</em></span> <span class='ocrx_word' id='word_1_750' title='bbox 1425 4651 1550 4703; x_wconf 77' lang='lat' dir='ltr'><em>coliatem</em></span> <span class='ocrx_word' id='word_1_751' title='bbox 1563 4650 1647 4725; x_wconf 77' lang='lat' dir='ltr'><em>luisse</em></span> <span class='ocrx_word' id='word_1_752' title='bbox 1657 4650 1772 4701; x_wconf 79' lang='lat' dir='ltr'><em>Poulino</em></span> <span class='ocrx_word' id='word_1_753' title='bbox 1782 4649 1836 4723; x_wconf 65' lang='lat' dir='ltr'><em>:uui</em></span> 
     </span>
     <span class='ocr_line' id='line_1_115' title="bbox 1011 4714 1837 4783; baseline -0.011 -13"><span class='ocrx_word' id='word_1_754' title='bbox 1011 4719 1131 4783; x_wconf 73' lang='lat' dir='ltr'><em>alioquin</em></span> <span class='ocrx_word' id='word_1_755' title='bbox 1146 4719 1265 4769; x_wconf 88' lang='lat' dir='ltr'><em>ornatior</em></span> <span class='ocrx_word' id='word_1_756' title='bbox 1274 4717 1370 4766; x_wconf 87' lang='lat' dir='ltr'><em>titulus</em></span> <span class='ocrx_word' id='word_1_757' title='bbox 1380 4717 1633 4779; x_wconf 84' lang='lat' dir='ltr'><em>debitneetqneipsi</em></span> <span class='ocrx_word' id='word_1_758' title='bbox 1642 4714 1678 4764; x_wconf 85' lang='lat' dir='ltr'><em>ab</em></span> <span class='ocrx_word' id='word_1_759' title='bbox 1688 4714 1837 4778; x_wconf 74' lang='lat' dir='ltr'><em>Augustino</em></span> 
     </span>
     <span class='ocr_line' id='line_1_116' title="bbox 1010 4774 1837 4888; baseline -0.01 -54"><span class='ocrx_word' id='word_1_760' title='bbox 1010 4774 1837 4888; x_wconf 56' lang='lat' dir='ltr'><em>edearibendusiuerat.Porroconjectureilarelbisilduneaet</em></span> 
     </span>
     <span class='ocr_line' id='line_1_117' title="bbox 1011 4838 1838 4909; baseline -0.007 -15"><span class='ocrx_word' id='word_1_761' title='bbox 1011 4847 1038 4894; x_wconf 87' lang='lat' dir='ltr'><em>iii</em></span> <span class='ocrx_word' id='word_1_762' title='bbox 1051 4843 1171 4909; x_wconf 82' lang='lat' dir='ltr'><em>Epistola</em></span> <span class='ocrx_word' id='word_1_763' title='bbox 1187 4842 1407 4907; x_wconf 67' lang='lat' dir='ltr'><em>nuncupatoriae</em></span> <span class='ocrx_word' id='word_1_764' title='bbox 1421 4839 1481 4891; x_wconf 90' lang='lat' dir='ltr'><em>libri</em></span> <span class='ocrx_word' id='word_1_765' title='bbox 1498 4840 1531 4890; x_wconf 89' lang='lat' dir='ltr'><em>de</em></span> <span class='ocrx_word' id='word_1_766' title='bbox 1548 4838 1785 4890; x_wconf 77' lang='lat' dir='ltr'><em>benedictionibus</em></span> <span class='ocrx_word' id='word_1_767' title='bbox 1827 4861 1838 4873; x_wconf 95' lang='lat'>·</span> 
     </span>
     <span class='ocr_line' id='line_1_118' title="bbox 1009 4901 1836 4969; baseline -0.002 -12"><span class='ocrx_word' id='word_1_768' title='bbox 1009 4907 1198 4961; x_wconf 85' lang='lat' dir='ltr'><em>triercberum,</em></span> <span class='ocrx_word' id='word_1_769' title='bbox 1210 4918 1290 4969; x_wconf 89' lang='lat' dir='ltr'><em>quem</em></span> <span class='ocrx_word' id='word_1_770' title='bbox 1303 4905 1407 4954; x_wconf 84' lang='lat' dir='ltr'><em>circiter</em></span> <span class='ocrx_word' id='word_1_771' title='bbox 1416 4903 1441 4952; x_wconf 90' lang='lat' dir='ltr'><em>id</em></span> <span class='ocrx_word' id='word_1_772' title='bbox 1454 4907 1562 4966; x_wconf 89' lang='lat' dir='ltr'><em>tempus</em></span> <span class='ocrx_word' id='word_1_773' title='bbox 1570 4902 1710 4966; x_wconf 83' lang='lat' dir='ltr'><em>scripsisse</em></span> <span class='ocrx_word' id='word_1_774' title='bbox 1726 4901 1836 4955; x_wconf 79' lang='lat' dir='ltr'><em>vidum.</em></span> 
     </span>
     <span class='ocr_line' id='line_1_119' title="bbox 1011 4963 1838 5034; baseline -0.008 -14"><span class='ocrx_word' id='word_1_775' title='bbox 1011 4983 1065 5020; x_wconf 92' lang='lat' dir='ltr'><em>non</em></span> <span class='ocrx_word' id='word_1_776' title='bbox 1082 4970 1248 5034; x_wconf 88' lang='lat' dir='ltr'><em>episcopum.</em></span> <span class='ocrx_word' id='word_1_777' title='bbox 1265 4965 1312 5016; x_wconf 92' lang='lat' dir='ltr'><em>sed</em></span> <span class='ocrx_word' id='word_1_778' title='bbox 1330 4965 1440 5016; x_wconf 80' lang='lat' dir='ltr'><em>fratrem</em></span> <span class='ocrx_word' id='word_1_779' title='bbox 1456 4966 1546 5029; x_wconf 89' lang='lat' dir='ltr'><em>ipsum</em></span> <span class='ocrx_word' id='word_1_780' title='bbox 1562 4963 1691 5030; x_wconf 84' lang='lat' dir='ltr'><em>appellet.</em></span> <span class='ocrx_word' id='word_1_781' title='bbox 1708 4963 1838 5034; x_wconf 83' lang='lat' dir='ltr'><em>Deinceps</em></span> 
     </span>
     <span class='ocr_line' id='line_1_120' title="bbox 1011 5026 1838 5145; baseline -0.01 0"><span class='ocrx_word' id='word_1_782' title='bbox 1011 5026 1838 5145; x_wconf 57' lang='lat' dir='ltr'><em>“stetittibitibilittttttt‘tltlietb</em></span> 
     </span>
     <span class='ocr_line' id='line_1_121' title="bbox 1010 5109 1838 5290; baseline -0.007 -21"><span class='ocrx_word' id='word_1_783' title='bbox 1010 5109 1089 5279; x_wconf 46' lang='grc' dir='ltr'><em>ΞΘ(ιιΐιθ</em></span> <span class='ocrx_word' id='word_1_784' title='bbox 1098 5154 1418 5290; x_wconf 44' lang='grc' dir='ltr'>ιξιιεειὲιιιιτιιῗξὲιιιιῃαῗὲοξιίὲ</span> <span class='ocrx_word' id='word_1_785' title='bbox 1425 5155 1569 5290; x_wconf 47' lang='grc' dir='ltr'>οἷοιὲἓιῆιῒι</span> <span class='ocrx_word' id='word_1_786' title='bbox 1582 5216 1704 5288; x_wconf 31' lang='lat' dir='ltr'><em>,aeturus</em></span> <span class='ocrx_word' id='word_1_787' title='bbox 1728 5224 1838 5264; x_wconf 77' lang='lat' dir='ltr'><em>caumm</em></span> 
     </span>
     <span class='ocr_line' id='line_1_122' title="bbox 1011 5276 1839 5389; baseline -0.01 -57"><span class='ocrx_word' id='word_1_788' title='bbox 1011 5282 1135 5333; x_wconf 77' lang='lat' dir='ltr'><em>Ecclesiae</em></span> <span class='ocrx_word' id='word_1_789' title='bbox 1144 5276 1839 5389; x_wconf 60' lang='lat' dir='ltr'><em>suoe,quaeexpilationem,incendimcoedeegerpesse</em></span> 
     </span>
     <span class='ocr_line' id='line_1_123' title="bbox 1010 5338 1836 5409; baseline -0.005 -14"><span class='ocrx_word' id='word_1_790' title='bbox 1010 5339 1701 5409; x_wconf 76' lang='lat' dir='ltr'><em>eretapegenisttelameneibus.utidoeentepistolre</em></span> <span class='ocrx_word' id='word_1_791' title='bbox 1728 5338 1836 5391; x_wconf 81' lang='lat' dir='ltr'><em>teitu.</em></span> 
     </span>
     <span class='ocr_line' id='line_1_124' title="bbox 1010 5401 1838 5468; baseline -0.008 -12"><span class='ocrx_word' id='word_1_792' title='bbox 1010 5409 1072 5457; x_wconf 83' lang='lat' dir='ltr'><em>navi</em></span> <span class='ocrx_word' id='word_1_793' title='bbox 1094 5406 1394 5468; x_wconf 85' lang='lat' dir='ltr'><em>evitadimperelorem.</em></span> <span class='ocrx_word' id='word_1_794' title='bbox 1406 5401 1537 5453; x_wconf 86' lang='lat' dir='ltr'><em>excedem</em></span> <span class='ocrx_word' id='word_1_795' title='bbox 1548 5402 1690 5467; x_wconf 71' lang='lat' dir='ltr'><em>epistlbi.</em></span> <span class='ocrx_word' id='word_1_796' title='bbox 1699 5402 1753 5452; x_wconf 90' lang='lat' dir='ltr'><em>sub</em></span> <span class='ocrx_word' id='word_1_797' title='bbox 1760 5401 1838 5451; x_wconf 77' lang='lat' dir='ltr'><em>inem</em></span> 
     </span>
     <span class='ocr_line' id='line_1_125' title="bbox 1010 5462 1838 5532; baseline -0.002 -13"><span class='ocrx_word' id='word_1_798' title='bbox 1010 5462 1838 5532; x_wconf 73' lang='lat' dir='ltr'><em>videlicetennitbltquoennoeeditioilleconligiseeridetur),</em></span> 
     </span>
     <span class='ocr_line' id='line_1_126' title="bbox 1010 5526 1838 5593; baseline -0.011 -10"><span class='ocrx_word' id='word_1_799' title='bbox 1010 5546 1057 5583; x_wconf 89' lang='lat' dir='ltr'><em>seu</em></span> <span class='ocrx_word' id='word_1_800' title='bbox 1075 5532 1151 5581; x_wconf 88' lang='lat' dir='ltr'><em>initio</em></span> <span class='ocrx_word' id='word_1_801' title='bbox 1166 5532 1221 5587; x_wconf 71' lang='grc' dir='ltr'>ιιι,</span> <span class='ocrx_word' id='word_1_802' title='bbox 1255 5529 1327 5580; x_wconf 84' lang='lat' dir='ltr'><em>uind</em></span> <span class='ocrx_word' id='word_1_803' title='bbox 1366 5528 1457 5579; x_wconf 89' lang='lat' dir='ltr'><em>uidem</em></span> <span class='ocrx_word' id='word_1_804' title='bbox 1471 5528 1494 5579; x_wconf 91' lang='lat' dir='ltr'><em>is</em></span> <span class='ocrx_word' id='word_1_805' title='bbox 1509 5527 1593 5579; x_wconf 86' lang='lat' dir='ltr'><em>dubio</em></span> <span class='ocrx_word' id='word_1_806' title='bbox 1610 5527 1708 5593; x_wconf 79' lang='lat' dir='ltr'><em>procul</em></span> <span class='ocrx_word' id='word_1_807' title='bbox 1723 5526 1838 5592; x_wconf 80' lang='lat' dir='ltr'><em>perielor</em></span> 
     </span>
     <span class='ocr_line' id='line_1_127' title="bbox 1010 5544 1838 5666; baseline -0.007 -21"><span class='ocrx_word' id='word_1_808' title='bbox 1010 5594 1091 5646; x_wconf 87' lang='lat' dir='ltr'><em>inerit</em></span> <span class='ocrx_word' id='word_1_809' title='bbox 1104 5593 1224 5666; x_wconf 67' lang='lat' dir='ltr'><em>epistolis</em></span> <span class='ocrx_word' id='word_1_810' title='bbox 1236 5544 1324 5666; x_wconf 52' lang='lat' dir='ltr'><em>biuios</em></span> <span class='ocrx_word' id='word_1_811' title='bbox 1363 5594 1385 5649; x_wconf 84' lang='lat'><em>5,</em></span> <span class='ocrx_word' id='word_1_812' title='bbox 1403 5592 1437 5642; x_wconf 85' lang='lat' dir='ltr'><em>ed</em></span> <span class='ocrx_word' id='word_1_813' title='bbox 1454 5589 1595 5666; x_wconf 60' lang='lat' dir='ltr'><em>Reuliniim</em></span> <span class='ocrx_word' id='word_1_814' title='bbox 1610 5591 1721 5657; x_wconf 82' lang='lat' dir='ltr'><em>scripte</em></span> <span class='ocrx_word' id='word_1_815' title='bbox 1734 5588 1838 5643; x_wconf 72' lang='lat' dir='ltr'><em>meni·</em></span> 
     </span>
     <span class='ocr_line' id='line_1_128' title="bbox 1010 5654 1794 5731; baseline -0.006 -22"><span class='ocrx_word' id='word_1_816' title='bbox 1010 5658 1083 5731; x_wconf 69' lang='lat' dir='ltr'><em>gine,</em></span> <span class='ocrx_word' id='word_1_817' title='bbox 1097 5670 1159 5708; x_wconf 84' lang='lat' dir='ltr'><em>eum</em></span> <span class='ocrx_word' id='word_1_818' title='bbox 1171 5656 1208 5707; x_wconf 91' lang='lat' dir='ltr'><em>ibi</em></span> <span class='ocrx_word' id='word_1_819' title='bbox 1221 5654 1351 5708; x_wconf 80' lang='lat' dir='ltr'><em>hiemaret</em></span> <span class='ocrx_word' id='word_1_820' title='bbox 1364 5655 1541 5720; x_wconf 70' lang='lat' dir='ltr'><em>Augustinus,</em></span> <span class='ocrx_word' id='word_1_821' title='bbox 1552 5656 1633 5718; x_wconf 78' lang='lat' dir='ltr'><em>Juxta</em></span> <span class='ocrx_word' id='word_1_822' title='bbox 1642 5654 1724 5724; x_wconf 83' lang='lat' dir='ltr'><em>epist.</em></span> <span class='ocrx_word' id='word_1_823' title='bbox 1738 5654 1794 5707; x_wconf 69' lang='lat' dir='ltr'><em>lit.</em></span> 
     </span>
    </p>
   </div>
   <div class='ocr_carea' id='block_1_9' title="bbox 0 0 1980 6128">
    <p class='ocr_par' dir='ltr' id='par_1_24' title="bbox 0 0 1980 6128">
     <span class='ocr_line' id='line_1_129' title="bbox 0 0 1980 6128; baseline 0 1"><span class='ocrx_word' id='word_1_824' title='bbox 0 0 1980 6128; x_wconf 95' lang='lat' dir='ltr'><em> </em></span> 
     </span>
    </p>
   </div>
  </div>
 </body>
</html>
