3952 6128
138 156 190 217 039

137 281 369 356 prescientiam,
379 298 438 342 non
450 288 521 343 tunc
534 285 629 355 electi,
639 287 691 345 sed
702 292 771 346 ente
784 280 966 346 constitutio·

136 374 329 440 nemmundi‚
342 375 417 431 sicut
428 373 508 432 idem
520 376 590 434 dicit
601 378 767 450 apostolus,
779 374 862 450 quod
873 372 968 439 elego.

137 463 175 519 rit
184 479 241 519 nos
256 465 326 518 anta
340 463 447 519 mundi
459 465 699 523 constitutionem
713 465 830 538 (tiphe,
844 463 882 535 i).
892 463 967 516 vuo-

137 551 194 608 bus
206 552 306 623 itaqne
323 551 494 624 modis‚ipsi
505 554 617 612 inimici
627 554 803 630 quidilecti:
820 553 879 609 sire
893 549 967 623 quia

136 640 167 695 in
180 654 241 695 uno
254 640 364 711 populo
378 642 495 715 utrique
511 643 644 712 inerant;
660 645 722 700 sive
735 645 807 717 quia
819 658 855 698 ex
869 638 966 696 inimi·

136 727 178 783 cis
187 727 377 785 sevientibus
388 731 527 803 usquead
540 728 966 806 sanguinemctntsttqutdam

136 831 241 873 eorum
250 816 348 874 dilecti
359 818 428 875 lacti
439 826 523 878 erant
534 823 702 879 secundnm
712 822 885 878 electionem
897 832 966 889 que

136 904 248 964 latebat
271 906 301 963 in
322 910 508 980 prescientia
527 912 586 967 [tei.
601 912 644 967 hd
667 912 724 968 hoc
747 910 828 967 enim
851 905 967 964 eddidit

134 1000 259 1065 propter
268 1002 390 1065 patrea·
404 999 477 1070 quia
491 999 520 1055 id
532 1000 615 1072 quod
631 1000 765 1072 patribus
779 997 964 1071 promissum

136 1088 181 1140 est
190 1084 348 1154 oportebat
359 1087 486 1159 impleri,
497 1088 573 1144 sicut
584 1089 662 1145 circa
672 1104 762 1162 quern
774 1085 912 1159 Epistole
926 1083 964 1139 ad

135 1173 286 1229 Romanos
296 1173 338 1230 ait
347 1174 432 1232 :ilico
442 1177 519 1233 enim
531 1177 684 1234 Christum
695 1177 864 1234 ministrum
872 1173 967 1245 fuisse

137 1261 367 1320 circumcisionis
374 1272 498 1335 propter
505 1267 658 1324 veritatem
668 1268 730 1333 Dei,
740 1267 780 1323 ad
788 1266 967 1332 confirman-

136 1349 190 1405 dus
199 1351 408 1420 promissiones
414 1362 549 1424 patrum.
559 1355 662 1413 Gentes
675 1362 773 1412 autem
785 1368 876 1424 super
884 1353 965 1410 mue·

135 1438 542 1512 mrordiaqtorificaretteum
552 1445 643 1516 (Rom.
654 1460 702 1515 xv,
713 1449 739 1510 8,
747 1445 783 1516 9).
793 1442 965 1500 Secundum

135 1527 220 1584 istam
227 1529 582 1590 misericordiamdictum
590 1534 964 1604 esrammtriprvptcrvcs:

136 1616 604 1691 quodetsupradixerat,litorum
611 1622 804 1680 delictosatus
812 1619 963 1678 Gentibus.

174 1707 218 1760 it.
233 1708 306 1764 Cum
318 1714 418 1765 autem
429 1709 730 1774 dixisset,secundum
744 1709 910 1768 eiectionem
921 1708 963 1764 di·

139 1795 207 1852 tecti
217 1802 342 1866 propter
353 1805 465 1867 patres,
476 1799 601 1864 addidit.
614 1800 682 1857 Sine
695 1800 870 1869 penitentia
885 1798 964 1855 enim

136 1889 207 1940 sunt
215 1885 329 1942 donuet
339 1889 453 1944 vacatio
462 1890 525 1945 [tei.
534 1889 709 1947 Videscerte
717 1888 782 1946 illos
790 1887 962 1959 significari,

136 1974 189 2045 qui
209 1974 356 2045 pertinent
372 1977 410 2033 sd
436 1992 596 2034 numerum
615 1978 905 2049 predestinatorum.
923 1975 964 2032 lie

136 2061 665 2140 quibusaliolocodicit‚Scimusquia
671 2067 863 2137 ditipentibus
871 2068 962 2122 Deum

133 2152 233 2207 amnia
253 2159 454 2222 cooperantur
474 2157 505 2211 in
525 2155 644 2223 bonnm,
664 2156 709 2213 tiis
729 2157 780 2228 qui
800 2156 963 2212 secundum

130 2240 313 2310 propositum
329 2245 427 2300 vocati
442 2250 511 2300 sunt
527 2246 550 2302 ¹.
571 2245 648 2301 Multi
670 2246 750 2301 enim
771 2251 839 2300 sunt
853 2244 961 2311 vocati,

132 2327 221 2400 pauci
235 2345 306 2386 vero
318 2328 402 2386 electi
413 2331 534 2404 (Mettis.
549 2349 619 2403 xxa,
634 2334 676 2405 tt)
693 2348 699 2389 :
714 2333 766 2405 qui
782 2348 852 2388 vero
867 2331 961 2398 electi,

131 2414 187 2488 ipsi
201 2424 270 2473 sunt
284 2419 453 2476 secundnm
470 2422 657 2492 propositum
672 2422 787 2492 vocati3
802 2421 832 2476 in
851 2419 962 2493 quibus

131 2507 182 2562 Ilei
199 2506 302 2576 procul
318 2507 411 2563 dubio
426 2509 613 2580 prescientia
627 2509 689 2565 tattt
705 2525 762 2565 non
781 2514 886 2581 potest.
904 2509 961 2565 Hos

131 2594 281 2663 praescivit
292 2602 318 2651 et
328 2597 548 2667 praedestinavit
557 2599 724 2668 coniormes
737 2598 877 2669 imcpinis
888 2598 962 2654 Filii

130 2683 187 2749 sui,
204 2688 237 2738 ut
257 2687 294 2740 sit
307 2685 369 2753 ipse
386 2686 600 2757 primvpenitus
623 2689 653 2744 in
674 2688 777 2744 multis
793 2686 956 2757 iratribus.

132 2771 208 2839 Quos
220 2778 319 2829 autem
331 2774 565 2843 predestinavit,
576 2777 645 2834 ittvs
656 2783 683 2833 et
695 2775 821 2833 vocavi.
834 2775 900 2831 ileo
911 2790 961 2832 vo·

130 2860 208 2916 catio
219 2864 264 2916 est
274 2862 441 2919 secundum
454 2867 640 2937 propositum
647 2884 656 2937 ;
668 2865 784 2921 hecest
794 2864 856 2920 sine
867 2864 960 2936 poeni·

130 2949 232 3006 tentia.
257 2950 331 3019 Quos
353 2958 453 3010 autem
475 2954 600 3021 vacavit,
615 2954 684 3011 ittas
705 2960 733 3011 et
752 2953 960 3024 iustificavit:

776 158 808 219 S.
827 144 1020 214 auoustntt
1040 145 1199 211 netscort

1018 272 1173 348 iniquitate
1185 280 1245 340 sire
1259 283 1422 343 temeritate
1434 282 1651 349 sententiamve
1663 297 1739 341 casu
1750 288 1780 342 et
1792 283 1850 343 ior-

1020 363 1093 421 tuito
1111 365 1283 428 labentibus
1302 372 1369 429 ullis
1395 373 1529 446 partibus
1550 378 1611 430 tam
1631 372 1849 450 dispositorum

1019 452 1077 509 sub
1092 460 1172 513 tanta
1186 461 1335 532 sapientia
1351 463 1399 519 liei
1416 460 1606 519 seculorum.

1053 544 1098 599 23.
1116 547 1146 600 tn
1160 546 1289 618 Epistola
1304 567 1392 623 porro
1406 551 1446 608 ad
1462 549 1650 608 colossenses
1661 551 1745 625 quod
1756 552 1849 625 scrip·

1020 634 1081 686 tum
1098 639 1151 700 est,
1171 636 1262 695 Nemo
1287 655 1336 696 vos
1362 641 1484 698 seducat
1504 640 1602 697 votens
1624 641 1656 697 in
1678 642 1852 699 humilitate

1019 720 1137 791 (Cotoss.
1155 739 1185 793 ιι,
1202 727 1288 800 t8),et
1302 737 1489 802 ceteraque
1504 734 1679 803 sequuntur,
1688 746 1850 803 quousque

1018 807 1070 865 tibi
1085 811 1216 872 obscura
1230 831 1294 874 esse
1309 818 1417 888 dixisti,
1433 833 1487 874 nec
1503 833 1559 888 ego
1575 818 1674 875 adhuc
1691 819 1756 876 sine
1778 819 1850 877 cali·

1019 899 1087 969 gine
1113 900 1255 976 intelligo.
1272 911 1366 980 Atque
1387 909 1501 965 utinam
1522 923 1655 980 presens
1670 908 1709 965 de
1729 909 1850 968 meista

1018 989 1204 1060 quaesiisses:
1220 993 1250 1049 in
1265 1011 1300 1051 eo
1313 997 1425 1069 quippe
1442 1013 1543 1063 sensu,
1559 1012 1649 1069 quem
1666 997 1740 1054 mihi
1757 999 1787 1054 in
1802 999 1849 1056 bis

1019 1078 1116 1134 verbis
1129 1079 1238 1138 habere
1254 1084 1366 1151 videor,
1380 1085 1552 1143 adhibenda
1566 1092 1613 1142 est
1623 1087 1766 1159 quedam
1779 1103 1849 1161 pro·

1019 1167 1167 1226 nuntiatio
1182 1171 1211 1227 in
1227 1172 1310 1229 vultu
1330 1180 1357 1230 et
1373 1175 1463 1230 modo
1483 1175 1575 1240 vocis,
1591 1175 1643 1248 qni
1659 1176 1787 1249 exprimi
1804 1177 1850 1234 lit·

1018 1256 1088 1311 teris
1101 1274 1160 1314 uon
1172 1265 1279 1332 potest,
1288 1268 1321 1318 nt
1332 1279 1368 1318 ex
1379 1263 1482 1337 aliqua
1492 1269 1575 1336 parte
1588 1264 1741 1337 aperiatur
1751 1268 1848 1338 ;quod

1018 1343 1086 1401 ideo
1100 1347 1133 1402 fit
1146 1347 1313 1416 obscurius,
1330 1351 1401 1423 quia
1416 1367 1478 1408 non
1493 1358 1582 1418 recte,
1601 1353 1678 1410 sicul
1698 1353 1849 1421 existimo,

1018 1436 1235 1505 pronontiatur.
1250 1440 1336 1505 Quod
1350 1441 1428 1495 enim
1443 1441 1587 1513 scriptum
1598 1442 1706 1508 est,Ne
1716 1443 1850 1515 tetiperi·

1018 1521 1062 1588 tia,
1078 1538 1116 1579 ne
1128 1528 1326 1596 pustuveritis,
1349 1543 1386 1585 ne
1409 1529 1654 1586 attaminaveritis
1670 1546 1683 1602 ,·
1703 1538 1848 1604 tanquam

1018 1620 1200 1685 preceptum
1215 1621 1335 1688 putatur
1348 1617 1493 1689 Apostoli,
1507 1619 1607 1674 nescio
1623 1618 1697 1691 quid
1713 1625 1847 1691 tangere,

1017 1705 1148 1773 gustare,
1159 1704 1337 1762 attaminare
1348 1706 1543 1778 prohibentis.
1555 1707 1663 1764 Contra
1676 1712 1722 1763 est
1734 1716 1848 1776 autem,

1018 1789 1044 1844 si
1063 1795 1160 1847 tamen
1176 1792 1206 1848 in
1222 1798 1304 1850 tanta
1327 1794 1509 1852 obscuritate
1526 1796 1583 1853 ista
1598 1812 1659 1852 non
1676 1797 1773 1854 lallor.
1796 1798 1849 1856 Per

1016 1877 1185 1937 irrisionem
1200 1883 1313 1956 quippe
1340 1883 1431 1940 verba
1452 1885 1551 1956 posuit
1570 1901 1686 1953 eorum,
1702 1888 1847 1960 aquibus

1016 1982 1067 2023 eos
1082 1967 1203 2027 nolebat
1216 1970 1313 2043 decipi
1328 1979 1418 2044 atque
1433 1973 1545 2040 seduci,
1562 1974 1616 2046 qni
1640 1974 1845 2033 discernentes

1016 2055 1099 2113 cibos
1111 2059 1278 2116 secundum
1290 2061 1437 2117 culturam
1453 2061 1644 2132 Angelorum,
1653 2068 1743 2135 atque
1756 2064 1797 2121 ita
1810 2064 1846 2121 de

1015 2144 1071 2201 hoc
1090 2148 1203 2204 mundo
1216 2148 1420 2215 decernentes,
1437 2151 1550 2216 dicunt,
1565 2152 1610 2209 Ne
1623 2153 1792 2224 tetiperitis,
1808 2169 1844 2212 ne

1014 2237 1216 2306 qustaveritis,
1237 2254 1274 2295 ne
1292 2239 1556 2311 attaminaveritis;
1574 2256 1643 2296 cum
1666 2242 1725 2297 sint
1740 2241 1844 2299 omnia

1015 2324 1130 2380 munda
1143 2326 1264 2383 mundis
1279 2328 1346 2399 (lit.
1363 2344 1383 2394 r,
1400 2330 1453 2401 lb),
1470 2335 1498 2385 et
1517 2329 1616 2386 omnis
1631 2334 1772 2386 creatura
1796 2331 1845 2388 liei

1014 2412 1097 2470 bona
1112 2415 1149 2470 sit
1165 2416 1187 2485 (l
1202 2416 1275 2472 Τιίιι.
1292 2432 1331 2483 tv,
1345 2417 1373 2489 i)
1390 2434 1397 2473 τ
1412 2418 1494 2491 quod
1506 2418 1537 2472 in
1550 2417 1608 2474 alio
1626 2417 1692 2475 loco
1707 2419 1769 2492 ipse
1784 2420 1846 2476 evi·

1014 2501 1118 2558 denter
1130 2506 1332 2562 commendat.

1048 2592 1093 2646 at.
1110 2594 1213 2650 Totam
1224 2610 1295 2666 ergo
1310 2594 1404 2668 ipsius
1421 2595 1572 2653 sententie
1587 2596 1846 2655 circumstantiam

1014 2680 1170 2737 videamus
1183 2699 1189 2738 :
1203 2683 1244 2739 ita
1256 2683 1337 2740 enim
1350 2685 1483 2756 Apostoli
1498 2685 1660 2742 intentione
1674 2694 1844 2759 perspecta,

1014 2785 1137 2826 sensum
1157 2773 1231 2842 eius,
1248 2778 1396 2846 quantum
1416 2772 1563 2840 salernus,
1584 2773 1712 2831 tortasse
1736 2776 1845 2832 tenebi-

1014 2875 1090 2916 mus.
1103 2859 1217 2928 Quibus
1231 2862 1310 2917 enim
1325 2861 1379 2918 ista
1390 2861 1502 2929 scribit,
1515 2863 1667 2920 metuebat
1680 2878 1733 2921 eos
1746 2864 1846 2920 seduci

1014 2948 1128 3005 umbris
1146 2965 1256 3016 rerum,
1273 2950 1352 3007 dulci
1366 2951 1487 3008 nomine
1511 2953 1653 3018 scientie,
1670 2957 1700 3009 et
1719 2953 1846 3010 avertis

129 3041 507 3113 quosautemjustificavit,
518 3043 586 3100 ittvs
597 3049 624 3100 et
634 3043 826 3115 ptorificuvit.
841 3043 959 3100 Sittena
1012 3035 1078 3093 luce
1087 3039 1289 3112 veritatisque
1299 3038 1382 3095 estin
1390 3039 1502 3096 Christo
1512 3040 1584 3096 iesu
1594 3041 1721 3097 domino
1730 3047 1843 3098 nostro.

128 3143 184 3198 pro
198 3127 291 3195 nabis,
308 3130 374 3201 qais
389 3138 493 3190 contra
508 3148 561 3189 nos
576 3133 669 3205 (Rom,
686 3149 712 3199 v,
726 3131 844 3203 ‘za-am
1012 3126 1093 3181 Hanc
1104 3131 1206 3184 autem
1219 3127 1275 3183 sub
1288 3129 1410 3185 nomine
1425 3128 1580 3200 sapientie
1593 3128 1639 3185 vel
1651 3129 1785 3186 scientie
1796 3145 1844 3186 ou·

165 3220 210 3273 22.
222 3219 286 3273 Non
299 3220 469 3277 suntinista
480 3222 645 3287 vocatione,
658 3223 710 3294 qui
720 3219 895 3293 infidaque
906 3236 959 3292 per
1012 3230 1079 3271 ram
1098 3231 1245 3272 vanarum
1267 3215 1525 3290 superfluarumve
1540 3218 1802 3285 observationum,
1817 3222 1845 3275 et

129 3304 321 3362 dilectionem
331 3314 473 3380 operatur
483 3309 596 3381 (Galat.
605 3327 633 3376 v,
646 3312 686 3381 b),
698 3309 813 3366 etiamsi
823 3308 959 3381 aliquan·
1013 3303 1050 3359 de
1060 3305 1269 3375 superstitione
1281 3305 1462 3378 gentilitatis,
1478 3306 1671 3379 maximeque
1684 3307 1724 3364 ab
1736 3308 1782 3363 eis
1794 3307 1844 3382 qui

128 3399 194 3451 tum
207 3396 375 3463 ambulant,
384 3413 443 3454 non
456 3404 648 3469 perseverant
664 3414 758 3469 usque
772 3398 802 3454 in
815 3398 917 3456 finem.
927 3399 960 3452 Et
1012 3393 1184 3468 Philosophi
1197 3400 1266 3450 sunt
1278 3395 1454 3466 nuncupati,
1470 3400 1498 3453 et
1517 3411 1535 3452 a
1547 3397 1561 3451 J
1566 3396 1714 3463 ndatsmo,
1734 3412 1843 3453 caven·

129 3484 232 3556 utique
246 3489 408 3557 potuerunt
423 3487 497 3559 rapi,
512 3503 549 3544 ne
562 3487 675 3544 malitia
688 3492 815 3544 mutaret
831 3486 959 3542 intellec·
1012 3484 1083 3541 dam
1097 3500 1162 3540 esse
1175 3483 1326 3549 cernebat,
1337 3484 1377 3540 uti
1391 3490 1475 3540 erant
1489 3485 1600 3540 umbre
1612 3483 1785 3542 futurorum
1798 3502 1842 3542 re·

129 3577 191 3627 tum
208 3589 313 3630 eorum
327 3573 405 3645 (Sap.
421 3590 460 3643 ιι,
475 3577 560 3644 tl)‚si
576 3576 614 3633 ad
628 3575 710 3632 illam
723 3575 959 3650 predestinatio-
1013 3574 1179 3640 movende,
1196 3574 1341 3646 quoniam
1363 3572 1464 3629 lumen
1489 3589 1594 3631 earum
1619 3575 1684 3645 jam
1712 3574 1842 3631 Christus

127 3675 199 3717 nem
214 3667 242 3718 et
255 3664 455 3728 vocationem,
466 3679 534 3737 qne
548 3666 715 3722 secundum
729 3665 915 3738 propositum
931 3668 959 3720 et
1011 3663 1186 3721 advenerat.
1201 3661 1275 3718 Cum
1288 3677 1359 3732 ergo
1371 3669 1635 3719 commemorasset
1645 3669 1673 3720 et
1688 3678 1843 3721 commen-

129 3749 194 3805 sine
216 3751 390 3824 penitentia
404 3758 458 3821 est,
481 3754 670 3825 pertinerent.
684 3756 720 3811 At
738 3770 776 3810 ne
797 3756 957 3829 quisquam
1011 3753 1111 3809 desset
1124 3756 1272 3825 qnantum
1288 3757 1438 3807 certamen
1456 3752 1568 3825 procis
1583 3751 1720 3819 haberet,
1737 3759 1769 3810 et
1789 3769 1841 3827 pro

128 3846 330 3914 presumptor
343 3843 428 3899 itade
440 3843 565 3900 occultis
574 3845 688 3917 judicet
703 3843 816 3912 alienis,
826 3849 856 3899 nt
866 3842 955 3908 dicat,
1009 3841 1057 3898 his
1072 3842 1124 3914 qui
1137 3840 1290 3897 Laodicee
1303 3840 1430 3910 inerant,
1445 3847 1473 3897 et
1487 3842 1671 3914 quicumque
1687 3858 1751 3899 non
1766 3844 1842 3899 vids

128 3929 198 3987 ldeo
210 3945 271 3987 non
286 3932 364 4002 rapti
380 3939 451 3989 sunt
463 3949 499 3989 ex
519 3934 576 3990 hac
591 3935 658 4001 rite,
679 3940 842 4007 antequam
857 3937 957 3988 essent
1010 3935 1077 3987 rant
1092 3930 1197 3987 faciem
1215 3931 1280 4001 ejus
1295 3931 1325 3986 in
1340 3945 1439 3998 carne,
1457 3935 1488 3986 ut
1498 3930 1638 3986 cordibus
1651 3932 1841 3988 consolaren-

127 4016 198 4073 iidei
214 4003 391 4085 desertores,
409 4021 482 4092 quia
501 4021 532 4077 in
553 4022 660 4078 eadem
679 4023 738 4078 vita
754 4036 813 4078 non
832 4020 958 4077 fideliter
1011 4024 1058 4076 tur
1071 4020 1238 4093 copulatiin
1253 4019 1405 4085 charitate,
1418 4023 1446 4075 et
1459 4019 1489 4074 in
1503 4019 1646 4075 omnibus
1659 4019 1772 4077 divitiis
1783 4022 1840 4095 pls·

128 4105 335 4174 ambulabant,
347 4113 375 4164 et
388 4109 445 4164 hac
459 4108 603 4166 incorum
617 4110 758 4167 cordibus
769 4115 891 4167 noverat
904 4111 958 4166 bo·
1010 4109 1154 4165 nitudinis
1165 4108 1341 4171 latebamus,
1353 4108 1391 4164 ad
1406 4107 1650 4178 cognoscendum
1663 4111 1838 4184 mysterium

129 4194 240 4259 minus,
255 4197 397 4268 quamvis
411 4196 585 4253 hominibus
598 4198 682 4256 aliter
692 4204 850 4272 appareret
864 4215 870 4254 :
883 4198 957 4272 quid
1011 4200 1072 4263 bei,
1085 4198 1167 4270 quod
1179 4203 1226 4255 est
1240 4198 1381 4263 Christus,
1392 4197 1422 4252 in
1436 4212 1497 4270 quo
1510 4203 1578 4254 sunt
1589 4212 1697 4254 omnes
1707 4198 1839 4258 thesauri

128 4281 262 4339 dicturus
287 4288 332 4340 est
354 4285 392 4341 de
415 4284 568 4342 infantulis
590 4288 733 4359 parvulis,
753 4289 805 4361 qni
825 4287 956 4360 plerique
1010 4288 1164 4360 sapientie
1179 4292 1207 4344 et
1221 4286 1349 4345 scientie
1365 4285 1534 4343 absconditi
1546 4304 1554 4358 ;
1567 4286 1715 4355 Haedina,
1732 4289 1838 4363 inquit,

127 4376 250 4444 accepto
259 4372 289 4429 in
299 4372 349 4431 illa
361 4379 448 4432 etate
460 4374 738 4448 christianegratie
750 4379 953 4440 sacramento,
1011 4383 1042 4434 ut
1057 4394 1139 4434 nemo
1155 4392 1205 4434 cos
1223 4377 1436 4434 circumveniat
1449 4377 1481 4433 in
1497 4378 1561 4435 veri
1573 4376 1667 4434 simili
1680 4393 1839 4438 sermone:

127 4476 198 4519 cum
213 4461 276 4518 sine
290 4461 385 4520 dnbio
401 4464 579 4536 pertinerent
591 4466 630 4524 ad
645 4465 736 4523 vitam
753 4471 897 4522 eternam
913 4480 957 4520 re·
1009 4468 1078 4541 quia
1099 4466 1227 4524 veritatis
1248 4481 1351 4523 amore
1373 4465 1572 4537 ducebantur,
1589 4466 1651 4522 veri
1666 4466 1839 4525 similitudi-

127 4563 283 4624 gnumque
304 4552 455 4619 celorum,
475 4553 499 4609 si
514 4555 656 4612 continno
676 4571 713 4612 ex
731 4555 788 4611 hac
802 4556 863 4612 vita
882 4554 956 4610 emi·
1009 4572 1078 4614 nem
1095 4556 1151 4613 illis
1166 4555 1275 4622 timuit,
1283 4571 1320 4612 ne
1331 4554 1547 4627 deciperentur.
1565 4557 1596 4611 Et
1607 4555 1677 4612 ideo
1685 4572 1840 4615 commen·

126 4644 258 4709 ararent,
274 4639 413 4697 sinuntur
425 4656 567 4709 erescere,
576 4648 603 4699 et
614 4643 749 4701 nonnnhi
763 4645 853 4700 etiam
869 4659 957 4715 apos·
1009 4645 1091 4703 davit
1104 4645 1134 4702 in
1151 4644 1267 4702 Christo
1284 4645 1366 4718 quod
1382 4643 1592 4701 dulcissimum
1607 4644 1767 4704 habebant
1782 4647 1841 4704 the·

126 4730 194 4782 tate
210 4725 410 4797 huntiUnde,
424 4731 484 4788 nisi
497 4732 569 4804 quia
583 4748 644 4789 non
659 4735 805 4804 pertinent
820 4732 858 4790 ad
873 4731 954 4789 illam
1009 4752 1143 4805 sauram,
1152 4733 1423 4806 scilicetsapientie
1431 4739 1459 4790 et
1471 4734 1609 4804 scientie,
1617 4733 1705 4805 cujus
1717 4736 1840 4793 nomine

127 4814 641 4887 predestinationem,etseeundum
652 4822 956 4895 propositumacsine
1009 4830 1038 4882 et
1053 4823 1249 4896 promissione
1264 4821 1364 4878 induci
1379 4827 1516 4894 poterant
1531 4822 1560 4878 in
1574 4837 1718 4879 errorem.

126 4904 301 4977 penitentia
312 4908 587 4966 vocationemidur
597 4916 698 4967 autern
709 4910 820 4968 adeam
830 4911 880 4967 alii
893 4927 956 4983 per·
1043 4917 1088 4970 25.
1097 4914 1174 4969 Nam
1188 4913 1242 4969 etsi
1255 4926 1389 4981 corpore,
1401 4912 1506 4984 inquit,
1521 4911 1624 4969 absens
1636 4928 1712 4980 sum,
1728 4914 1840 4983 spiritu

126 4994 250 5059 tineent,
261 4992 309 5050 alii
326 5010 386 5052 non
399 4997 576 5069 pertineant,
588 4999 705 5056 occulta
717 5015 808 5056 causa
823 5015 888 5056 esse
903 5016 957 5072 po-
1009 5003 1157 5060 vobiscum
1168 5001 1406 5073 ruminandam,
1416 5008 1443 5058 et
1457 5000 1559 5058 videns
1571 5008 1699 5058 vestram
1714 5004 1839 5061 ordina-

126 5085 190 5147 test‚
203 5083 315 5155 injusta
327 5101 463 5145 essenon
474 5092 581 5159 potest.
595 5089 746 5162 Numquid
757 5089 837 5146 enim
848 5089 955 5161 iniqui·
1007 5092 1161 5161 tionem‚et
1171 5090 1289 5163 idquvd
1298 5091 1376 5147 deest
1387 5089 1458 5159 fidei
1469 5097 1573 5147 vestre
1582 5090 1614 5146 in
1627 5090 1761 5150 Christo.
1770 5094 1839 5151 ldeo

128 5173 173 5228 tas
186 5172 268 5245 apud
281 5175 374 5230 Deum
393 5173 407 5232 t
420 5175 505 5233 Absit
520 5177 617 5249 (Rom.
631 5195 670 5244 rx,
693 5180 745 5250 rt).
762 5181 836 5235 Nam
852 5183 880 5234 et
899 5178 954 5235 hoc
1007 5180 1065 5237 illis
1081 5180 1217 5247 timebat,
1233 5179 1378 5249 qnoniam
1398 5178 1472 5251 quid
1487 5180 1529 5235 eis
1543 5178 1643 5235 adhuc
1655 5179 1786 5248 deesset,
1799 5182 1839 5239 ri·

127 5259 167 5317 ad
176 5259 257 5317 illam
268 5263 588 5334 pertinetaltitudinem
595 5267 889 5341 judiciorum,quam
901 5267 955 5323 mi-
1007 5269 1193 5327 debat.Sicut
1203 5283 1272 5339 erpo
1283 5266 1561 5340 accepistis,inquit,
1570 5267 1669 5323 desum
1682 5266 1839 5327 Christum

126 5361 197 5405 rans
214 5355 360 5424 tanquam
373 5355 494 5426 expavit
507 5356 678 5429 apostolus.
693 5356 762 5414 tdeo
776 5357 889 5430 qnippe
904 5357 955 5414 itta
1007 5359 1166 5416 Dominum
1185 5365 1330 5422 nastrum,
1346 5358 1377 5413 in
1392 5357 1456 5427 ipso
1474 5354 1625 5413 ambulate
1634 5377 1646 5427 ,·
1660 5356 1796 5416 radicati
1811 5366 1838 5417 et

124 5435 239 5508 judicia
258 5446 357 5509 vocat,
373 5458 411 5500 ne
432 5445 592 5518 quisquam
609 5444 678 5503 talia
697 5445 761 5502 fieri
785 5450 878 5518 putet,
894 5446 953 5504 sive
1006 5446 1237 5519 superedificati
1254 5447 1286 5503 in
1307 5446 1379 5517 ipso,
1398 5453 1424 5503 et
1445 5444 1658 5513 coadunatim
1670 5446 1743 5516 tide,
1759 5448 1839 5504 sicut

1006 5545 1033 5596 et
1048 5537 1201 5604 didicistis,
1218 5536 1404 5594 abundantes
1420 5535 1451 5592 in
1468 5550 1502 5592 ea
1514 5533 1687 5607 arationum
1701 5539 1834 5595 actione.

1007 5626 1073 5684 ttult
1088 5643 1139 5683 eos
1151 5625 1210 5682 fide
1223 5625 1338 5692 nutriri,
1349 5631 1379 5681 nt
1389 5639 1516 5697 capaces
1526 5623 1601 5680 liant
1613 5622 1839 5699 participando·

158 5562 167 5596 ¹
185 5562 279 5614 tixcnsi
300 5571 361 5630 post
378 5570 461 5621 coemi
482 5575 551 5627 sunt,
571 5571 674 5622 addunt
697 5572 802 5633 sancti;
841 5586 882 5622 ue
902 5588 953 5624 vox

127 5624 204 5677 abest
216 5624 249 5677 ab
262 5629 386 5681 omnibus
396 5632 458 5684 tiss.
474 5638 500 5686 et
510 5647 526 5685 a
537 5648 625 5701 greco
639 5638 713 5687 textu
727 5585 858 5700 aportuit.
