3952 6128
180 310 215 366 91
823 313 853 369 S.
873 309 1065 371 AUGUSTlNl
1085 309 1247 367 uersuum
1853 306 1890 364 92

215 438 243 492 2.
260 436 342 493 Scias
353 436 463 509 itaque,
474 436 595 492 domine
609 436 782 495 beatissime
795 443 823 497 et
834 439 1007 511 plenissima

182 524 325 582 charitate
341 523 526 591 verrerabilis,
543 541 602 580 non
615 526 775 597 desperare
790 545 856 595 nos,
868 528 929 583 imo
943 543 1007 601 spe·

181 629 247 671 rare
272 615 471 680 vehementer,
487 614 569 687 quod
587 615 731 673 Dominus
757 623 785 674 et
810 622 885 674 [ιειιε
907 622 1007 673 ιιοειει

182 718 234 775 ρει
249 703 453 759 ειιειοιιιειειιι
470 719 605 775 personae
620 722 712 777 quam
727 707 813 779 geris,
836 723 929 781 quam
945 720 1006 763 non

180 792 272 857 carni,
285 791 337 847 sed
350 792 465 864 spiritui
482 797 533 850 tuo
548 793 719 866 impositam
734 811 799 851 esse
811 795 1004 860 confidimus,

181 881 289 937 multas
300 881 435 938 carnales
446 881 596 939 loeditates
608 889 636 939 et
646 884 836 957 aegritudines
847 900 923 959 quas
936 884 1007 940 hiri·

180 984 258 1026 cana
283 970 411 1027 Ecclesia
430 970 460 1025 in
485 970 584 1028 multis
604 974 726 1044 patitur,
741 973 770 1030 in
787 975 891 1046 paucis
904 973 1005 1044 gemit,

180 1058 374 1116 consiliorum
393 1061 536 1130 gravitate
552 1063 561 1097 ¹
577 1069 605 1118 et
619 1067 669 1118 tua
683 1063 777 1133 possit
793 1079 913 1120 sanare.
933 1063 1007 1120 Cum

180 1147 261 1204 anim
271 1149 428 1220 Apostolus
437 1150 492 1206 tria
502 1150 628 1206 brevitor
641 1166 750 1221 genera
762 1153 900 1208 vitiorum
912 1153 1006 1208 detes·

181 1237 274 1294 tanda
284 1243 313 1293 ει
324 1238 444 1294 vitanda
455 1255 515 1294 nno
526 1239 555 1294 in
567 1239 632 1296 loco
646 1241 786 1311 posuerit,
800 1242 953 1313 dequibus
964 1241 1006 1296 in-

180 1326 413 1383 numerabilium
422 1328 890 1400 vitiorumexsurgitseges‚ununr
899 1331 1006 1386 horum

180 1415 263 1488 quod
276 1414 409 1471 secundo
419 1414 484 1472 loco
495 1417 605 1489 posuit,
618 1418 762 1474 acerrime
771 1419 799 1473 iu
808 1418 937 1475 Ecclesia
946 1418 1007 1473 vin·

75 1510 84 1533 ι
180 1501 317 1570 dicatur;
334 1503 395 1560 dno
406 1510 506 1561 alitem
521 1506 646 1579 reliqna,
663 1506 692 1562 id
707 1511 751 1563 εει
761 1508 890 1578 primum
904 1514 931 1564 et
944 1507 1007 1563 ulti·

181 1607 276 1663 mum,
297 1593 463 1650 tolerabilia
490 1594 626 1650 videntur
647 1596 832 1667 homiuibus,
856 1602 945 1669 atque
966 1598 1007 1654 ita

180 1680 326 1755 paulatim
338 1682 401 1737 lieri
416 1688 523 1754 potest,
535 1689 630 1740 utncc
644 1685 714 1742 vitia
723 1685 785 1756 jam
799 1691 945 1758 pillettlur.
961 1688 1007 1743 ait

180 1770 260 1827 onim
275 1786 328 1826 vas
347 1772 518 1828 electionis:
547 1774 615 1830 Non
643 1774 675 1830 in
699 1776 958 1832 contemptionibus
978 1781 1004 1832 et

180 1859 379 1931 ebrietatibus,
402 1878 460 1917 non
479 1863 511 1918 in
531 1863 672 1919 stabilibus
688 1869 715 1920 et
729 1864 929 1933 impudicitiis,
945 1881 1005 1922 non

178 1946 210 2004 in
226 1952 453 2007 contentiones!
468 1952 535 2007 doio
550 1969 559 2017 ;
578 1952 631 2008 sed
650 1953 765 2009 induite
780 1969 827 2009 uos
848 1955 1004 2011 Dominum

178 2037 279 2094 desum
301 2038 463 2105 Christum,
492 2048 518 2097 et
538 2042 638 2097 cornis
653 2057 757 2098 euram
778 2057 815 2099 ne
827 2043 958 2112 feceritis
974 2046 1005 2100 in

179 2129 421 2192 concupiscentiis
437 2128 531 2201 (Rom.
547 2146 598 2199 ιιιι,
616 2132 659 2198 13,
674 2132 730 2201 ιι).

214 2221 241 2273 3.
257 2219 368 2273 ιιοιιιιιι
379 2234 451 2288 ergo
464 2221 562 2284 trium,
572 2219 682 2276 cubilia
695 2224 724 2275 et
739 2221 933 2293 impudicitiae
944 2232 1004 2278 tam

179 2321 326 2377 magnum
349 2308 462 2364 crimen
482 2313 634 2380 putantur,
656 2313 686 2365 ut
706 2325 795 2365 nemo
814 2310 923 2380 dignus
944 2327 1006 2367 non

178 2396 270 2452 modo
281 2396 481 2454 ecclesiastico
492 2399 664 2461 ministerio,
672 2399 723 2454 sed
735 2399 802 2471 ipsa
811 2401 901 2457 etiam
909 2416 1006 2457 sacra·

179 2491 347 2541 mentorum
367 2486 576 2542 communione
591 2486 737 2554 videatur,
754 2490 804 2560 qui
820 2504 850 2543 se
866 2488 923 2544 isto
936 2505 1007 2560 pec·

178 2580 245 2630 cato
260 2573 441 2630 maculavit²
456 2594 462 2632 :
480 2579 508 2631 et
526 2581 604 2631 recte
619 2578 752 2633 omnino.
770 2578 826 2635 Sed
841 2593 934 2650 quare
957 2594 1007 2633 so-

177 2660 1005 2723 lum‘lComessationesenimetebrietatesitaconcessra

178 2757 207 2809 et
218 2751 304 2808 licitae
316 2756 468 2824 putantur,
481 2758 512 2809 nt
521 2752 551 2809 in
563 2754 706 2811 honorem
717 2756 806 2812 etiam
817 2755 1005 2812 beatissimo·

177 2856 245 2897 rum
255 2845 432 2914 martyrum,
441 2858 501 2898 non
513 2842 609 2898 solum
622 2859 674 2917 per
683 2844 746 2899 dies
757 2844 905 2901 solemnes
914 2845 1003 2917 (quod

178 2931 278 3003 ipsum
286 2930 354 3003 quis
366 2946 427 2987 nou
438 2931 604 3002 lugendum
614 2933 720 2999 videat,
732 2934 784 3007 qui
794 2933 859 2990 haec
870 2949 931 2991 non
942 2952 1004 2991 car·

178 3018 1002 3095 nis⁸oculisinspicit),sedetiamquotidiecelebrentur.

178 3109 250 3175 Qua
262 3108 381 3165 loeditas
392 3110 402 3144 ι
415 3109 440 3165 ει
455 3112 571 3165 tantum
582 3110 732 3181 flagitiosa
744 3116 772 3166 et
784 3127 844 3167 non
858 3112 947 3169 etiam
956 3129 1004 3170 sa·

177 3197 287 3269 crilega
296 3199 804 3272 esset,quibuscumquetolerantias
817 3202 927 3258 viribus
939 3219 1003 3259 sus·

176 3288 351 3345 tentandam
371 3293 557 3360 putaremus.
583 3291 762 3361 Quanquam
783 3292 834 3347 ubi
854 3298 898 3347 est
917 3292 1000 3360 illud,

176 3378 338 3449 quodcum
352 3377 446 3433 mirlta
455 3378 734 3435 vitiaenumerasset
745 3379 825 3436 idem
835 3381 998 3452 apostolus,

176 3463 252 3521 inter
266 3481 334 3537 quse
350 3466 449 3538 posuit
461 3467 606 3533 ebriosos,
621 3468 660 3523 its
674 3468 828 3533 conclusit,
847 3473 879 3524 ut
891 3469 1001 3527 diceret

175 3566 246 3609 cum
261 3553 370 3610 talibus
382 3570 437 3610 nec
456 3570 565 3627 panem
582 3556 669 3612 edere
680 3556 694 3613 ι
707 3558 727 3628 (ι
745 3557 812 3613 Cor.
825 3573 853 3622 r,
873 3559 924 3629 ιι).
943 3557 1000 3615 Sed

175 3641 307 3698 ieramus
325 3642 390 3699 haec
412 3644 442 3700 in
457 3643 527 3701 luxu
541 3653 569 3701 et
583 3645 651 3702 labe
664 3646 838 3712 domestica,
855 3652 882 3703 et
897 3663 1001 3703 eornm

177 3732 378 3788 conviviorum
399 3750 467 3807 quae
486 3735 607 3807 privatis
622 3736 785 3808 parietibus
801 3739 1000 3804 continentur,

176 3822 422 3897 accipiamusque
433 3840 502 3881 cum
515 3826 557 3881 eis
567 3841 676 3898 corpus
687 3825 878 3897 christinam
891 3827 1001 3900 quibus

174 3911 1000 3984 panemedereprohibamur;saltemdesanctornmcor·

174 4014 284 4073 porum
299 4000 456 4073 sepulcris,
472 4003 579 4059 saltem
593 4003 631 4059 de
646 4004 719 4059 locis
731 4010 999 4071 sacramentorum,

173 4086 211 4145 de
229 4089 370 4145 domibus
385 4090 556 4147 orationum
570 4098 686 4148 tantum
702 4093 833 4149 dedecus
849 4100 996 4150 arceatur.

175 4176 245 4243 Quis
254 4179 333 4234 enim
341 4178 431 4234 audet
439 4181 687 4253 setareprivatim,
696 4182 777 4254 quod
789 4183 1002 4256 cumlrequon·

174 4270 252 4325 tatur
263 4267 294 4323 in
305 4267 417 4324 sanctis
427 4269 509 4334 locis,
524 4269 620 4325 honor
631 4275 798 4343 martyrum
810 4271 1001 4328 nominatur?

209 4359 236 4412 t.
254 4358 320 4412 darc
334 4356 358 4411 si
373 4356 471 4429 prima
483 4358 580 4414 Airica
593 4364 716 4415 tentaret
728 4360 844 4416 auterre
857 4376 875 4419 a
887 4363 1001 4418 crateris

174 4446 268 4512 terris,
285 4447 450 4504 imitatione
464 4448 558 4519 digna
570 4464 636 4504 esse
652 4448 787 4505 deberet:
805 4466 874 4505 cum
889 4467 958 4508 vero
973 4456 1002 4508 et

174 4550 229 4608 per
242 4535 331 4593 ltaliae
347 4537 512 4594 maximam
528 4544 654 4609 partem,
675 4543 704 4595 ει
725 4539 754 4594 in
774 4538 840 4595 aliis
859 4541 1001 4598 omnibns

174 4628 226 4681 aut
241 4640 335 4698 prope
349 4626 491 4683 ornnihus
508 4627 716 4684 transmarinis
730 4629 875 4698 Ecclesiis,
892 4633 1001 4702 partim

174 4712 245 4787 quia
259 4728 415 4786 nunqnam
430 4714 598 4781 factasunt,
612 4717 719 4788 partim
732 4718 803 4790 quia
815 4717 862 4774 vel
874 4725 939 4776 orta
954 4719 1000 4776 rel

174 4801 347 4866 inveterata,
367 4810 538 4861 sanctorum
552 4811 580 4861 et
594 4820 662 4861 rere
675 4806 713 4863 de
728 4806 786 4863 vita
801 4806 901 4865 lutura
919 4810 1002 4881 cogi·

174 4891 300 4948 tantiam
314 4894 524 4965 episcoporum
535 4895 689 4966 diligentia
698 4901 728 4952 et
740 4898 1001 4956 animadversione

173 4981 318 5038 exstincta
337 4987 426 5055 atque
444 4983 541 5040 deleta
560 4984 628 5055 sint,
648 4984 822 5041 dubitamus
845 4989 1001 5059 quomodo

172 5083 335 5143 possumus
347 5076 459 5128 tantam
474 5073 710 5139 morumlabem,
719 5073 925 5147 velproposito
938 5082 1000 5134 tam

173 5158 232 5216 lata
247 5160 258 5196 ⁵
273 5161 411 5232 exemplo
426 5161 587 5218 emendare
601 5162 615 5216 ‘l
632 5164 663 5218 Et
677 5177 732 5218 nos
746 5163 868 5236 quidem
882 5164 1000 5222 illarum

174 5250 304 5321 partium
317 5250 470 5308 hominem
482 5250 630 5307 habemns
642 5252 828 5324 episcopum,
844 5254 923 5309 unde
933 5271 1000 5312 ma·

205 5418 214 5450 ¹
231 5415 293 5464 Mas.
306 5414 405 5477 plures,
421 5416 587 5464 consiliorum
598 5416 676 5479 praei
688 5430 746 5466 csse.
763 5417 821 5474 stit,
833 5419 1000 5469 consiliorum

173 5479 310 5540 pravitate.
329 5479 406 5527 Forte
421 5478 574 5541 legendum,
590 5478 765 5530 enuntiarem.

205 5539 215 5568 ¹
229 5539 290 5588 Μεε.
303 5543 427 5602 quotuor,
439 5541 616 5590 maculaverit.
628 5542 704 5592 Bene.

205 5600 304 5657 tusa,
321 5604 430 5651 corneis.

205 5662 303 5714 ‘llam
319 5678 396 5727 quom
414 5664 565 5727 foeditatem,
583 5666 717 5731 congrue.

205 5724 215 5753 ⁸
231 5724 272 5777 Sic
288 5727 349 5777 lise.
366 5726 452 5792 [total.

1063 431 1891 507 gnasagiurusgratiasDeo:quanquamejnsmodestiae

1063 529 1151 597 atque
1177 523 1304 580 lenitatis
1335 527 1391 587 εει,
1420 523 1486 593 ejus
1514 520 1643 593 denique
1673 520 1838 593 prudentiae
1862 524 1893 577 et

1062 612 1268 671 sollicitudinis
1281 613 1311 669 in
1323 612 1460 681 Domino,
1478 616 1509 667 ut
1520 612 1635 666 etiamsi
1649 609 1715 665 ιιιει
1726 614 1813 679 εεεει,
1831 609 1890 667 ειιο

1062 702 1102 759 ιιιι
1122 702 1158 758 de
1179 702 1339 775 Scripturis
1361 700 1592 773 persuaderetur
1611 698 1790 763 curandum,
1807 697 1892 771 quod

1062 792 1216 849 licentiosa
1231 797 1257 847 et
1270 791 1345 847 male
1354 790 1448 846 libera
1458 788 1644 846 consuetudo
1654 788 1762 844 vulnus
1774 787 1888 844 inflixit.

1063 877 1890 954 Sedtantapestilentiaesthujusmali,utsanariprorsus,

1061 977 1210 1044 quantum
1221 969 1292 1025 mihi
1305 970 1430 1034 videtur,
1442 967 1497 1024 nisi
1510 966 1628 1023 concilii
1641 968 1816 1023 arrctoritate
1828 981 1889 1023 non

1062 1060 1165 1132 possit.
1173 1064 1229 1115 Aut
1239 1059 1262 1114 si
1275 1058 1313 1115 ab
1326 1075 1387 1115 una
1396 1056 1522 1114 ecclesia
1531 1054 1704 1112 inchoanda
1717 1060 1760 1111 est
1769 1055 1890 1111 medici·

1061 1163 1115 1216 na;
1126 1149 1201 1204 sicut
1210 1148 1325 1204 videtur
1336 1147 1478 1211 audaciae,
1487 1150 1603 1201 mutare
1615 1143 1719 1201 conari
1728 1143 1810 1216 quod
1822 1143 1891 1200 Oar-

1062 1237 1247 1309 thaginensis
1261 1237 1392 1293 Ecclesia
1408 1241 1495 1301 tenet,
1510 1236 1551 1290 sic
1567 1250 1681 1305 magnis
1695 1232 1890 1304 impudentias

1061 1331 1115 1394 εει,
1132 1327 1206 1383 valle
1218 1342 1336 1383 serrare
1347 1342 1415 1399 qnae
1426 1323 1670 1394 carthaginensis
1688 1322 1889 1379 Ecclesiacor·

1061 1417 1283 1474 rexitddhanc
1294 1421 1395 1475 antem
1404 1432 1466 1472 rem
1478 1414 1628 1487 quisalius
1641 1414 1802 1486 episcopus
1811 1417 1890 1469 esset

1061 1507 1225 1580 optandus,
1243 1507 1299 1562 nisi
1319 1506 1371 1579 qui
1386 1522 1422 1562 ea
1439 1505 1583 1561 diaconus
1595 1504 1636 1575 (a)
1651 1499 1889 1559 exsecrabatur?

1096 1600 1122 1652 5.
1145 1596 1202 1652 Sed
1217 1596 1299 1668 quod
1314 1600 1375 1651 erat
1391 1599 1461 1649 tunc
1478 1592 1642 1649 dolendum
1659 1607 1739 1647 nunc
1755 1590 1889 1647 auferen-

1061 1685 1133 1741 dum
1146 1691 1189 1741 εει
1201 1701 1208 1751 ;
1226 1700 1286 1741 non
1299 1700 1413 1756 aspere,
1425 1683 1478 1739 sed
1489 1683 1563 1738 sicut
1577 1681 1718 1753 scriptum
1730 1685 1783 1745 εει,
1795 1682 1825 1736 in
1835 1680 1894 1749 spi-

1062 1775 1123 1829 ritu
1143 1775 1273 1831 lenitatis
1295 1781 1322 1831 et
1341 1772 1578 1829 mansuetndinis
1600 1770 1681 1840 (Gal.
1699 1786 1737 1833 vr,
1763 1773 1796 1838 t).
1815 1770 1894 1825 ιιιιιιι

1060 1863 1141 1919 ειιιιιι
1155 1864 1225 1919 ιιιιιιι
1237 1862 1381 1919 fiduciam
1395 1863 1565 1918 litterature
1576 1860 1688 1915 indices
1699 1857 1893 1930 germanissi-

1062 1969 1118 2009 moe
1133 1953 1296 2019 charitatis,
1309 1959 1340 2008 ut
1353 1959 1450 2008 tecum
1465 1957 1609 2022 tanquam
1626 1964 1743 2004 rnecnm
1760 1947 1891 2004 audeam

1060 2041 1201 2114 colloqui.
1214 2045 1277 2099 Non
1293 2057 1364 2113 ergo
1377 2057 1495 2112 asprere,
1508 2044 1656 2112 qnantum
1667 2037 1813 2099 existimo,
1828 2052 1891 2093 non

1060 2131 1181 2198 duriter,
1197 2147 1257 2188 non
1270 2136 1362 2186 modo
1373 2129 1535 2201 imperioso
1550 2130 1608 2184 ista
1624 2127 1766 2183 tolluntur
1771 2145 1780 2198 ;
1794 2126 1891 2196 magis

1061 2219 1300 2294 docendoquam
1310 2220 1455 2292 jubendo,
1467 2216 1892 2288 magismouendoquammi·

1060 2305 1892 2381 nando.Sicanimagendumestcumrnultitudine:seve·

1060 2394 1891 2469 ritasautemexercendaestinpcccatapancorum.Etsi

1060 2487 1131 2561 quid
1146 2489 1307 2554 minamur,
1320 2504 1389 2544 cum
1404 2486 1576 2551 doloreiiat,
1589 2485 1795 2557 descriptoris
1808 2499 1890 2539 com-

1061 2573 1891 2646 minandovindictamfuturumnenosipsiinnostrapo·

1060 2669 1174 2733 testate,
1188 2666 1240 2722 sed
1255 2666 1333 2722 Deus
1349 2666 1378 2721 in
1396 2669 1499 2721 nostro
1519 2678 1656 2719 sermone
1677 2663 1816 2718 timeatur
1829 2662 1884 2734 (ιι).

1059 2755 1101 2811 lta
1114 2756 1196 2827 prius
1216 2755 1415 2811 movebuntur
1430 2753 1600 2825 spirituales
1615 2751 1662 2808 vel
1680 2750 1889 2824 spiritualibus

1059 2844 1199 2917 proximi,
1212 2859 1342 2916 quorum
1353 2844 1537 2912 auctoritate,
1549 2846 1578 2897 et
1591 2840 1751 2896 lenissimis
1765 2839 1890 2913 quidem

1058 2934 1113 2991 sed
1125 2933 1348 2991 instantissimis
1364 2932 1620 2988 admonitionibus
1634 2934 1740 2986 catera
1757 2929 1890 2986 multitu·

1058 3022 1098 3080 do
1112 3023 1277 3094 frangatur.

1093 3116 1120 3169 6.
1142 3112 1360 3185 sedquoniam
1375 3111 1438 3166 istae
1451 3110 1482 3166 in
1497 3108 1674 3166 coemeteriis
1688 3107 1846 3165 ebrietates
1862 3111 1891 3164 el

1056 3199 1890 3269 luxuriosaconvivia,nonsolumhonoresmartyruma

1056 3291 1168 3347 carnali
1179 3286 1889 3368 etimperitaplebccredisolent‚sedetiamsolag

1056 3375 1890 3445 ιιιιιιιοιιιιοιιιιιι;ιιιιιιιιιιιειιιιϊιιειιιιιειιιιειιιιεειιιιιιει·ι

1055 3484 1144 3541 posse
1161 3468 1248 3523 istam
1264 3467 1429 3523 ioeditatem
1451 3482 1485 3522 ao
1507 3465 1734 3539 turpitudinem,
1759 3466 1782 3520 si
1801 3470 1831 3521 et
1851 3463 1889 3520 de

1055 3557 1212 3630 Scripturis
1226 3556 1430 3628 prohibeatur,
1443 3561 1472 3611 ει
1484 3555 1651 3611 oblationes
1665 3570 1718 3624 pro
1733 3553 1889 3627 spiritibus

1056 3646 1279 3716 dormientium,
1295 3661 1373 3718 quas
1391 3661 1459 3702 vere
1472 3645 1585 3718 aliquid
1603 3645 1748 3716 adjuvare
1761 3643 1889 3699 creden·

1056 3735 1129 3791 dum
1144 3741 1199 3801 est,
1215 3751 1305 3806 super
1315 3735 1396 3806 ipsas
1411 3736 1568 3791 memorias
1583 3750 1644 3790 non
1658 3734 1717 3789 sint
1731 3738 1889 3805 sumptuo-

1056 3840 1106 3894 sa,
1123 3830 1213 3896 atque
1228 3824 1370 3880 omnibns
1382 3824 1548 3895 petentibus
1559 3823 1622 3879 sine
1635 3824 1728 3895 typho
1740 3829 1761 3889 ¹,
1774 3829 1802 3877 et
1816 3839 1887 3879 cum

1056 3913 1206 3970 alacritate
1221 3913 1432 3985 praebeantur:
1454 3928 1550 3985 neque
1571 3912 1741 3967 vendantur
1759 3928 1766 3977 ;
1786 3911 1840 3968 sed
1861 3911 1888 3967 si

1055 4003 1135 4074 quis,
1147 4002 1352 4075 proreligione
1364 4001 1477 4074 aliquid
1488 4001 1738 4073 pecuniaeollerre
1750 4001 1887 4066 voluerit,

1055 4093 1084 4148 in
1101 4094 1237 4164 presenti
1249 4091 1433 4163 pauperibus
1447 4096 1549 4162 eroget
1559 4091 1580 4142 ⁸.
1593 4091 1635 4145 lta
1647 4106 1684 4145 ne
1696 4089 1833 4144 deserere
1847 4089 1888 4146 vi·

1055 4180 1207 4237 dabuntur
1220 4181 1381 4237 aremorias
1398 4196 1530 4245 suornm,
1553 4178 1636 4252 quod
1649 4184 1748 4250 potest
1763 4179 1886 4250 gignere

1056 4286 1116 4327 non
1127 4270 1223 4326 levem
1235 4271 1332 4326 cordis
1343 4267 1488 4332 dolorem,
1499 4273 1528 4324 et
1538 4269 1567 4324 id
1578 4268 1778 4324 celebrabitur
1789 4269 1819 4322 in
1832 4269 1886 4323 Ec-

1055 4355 1886 4431 clesiaquodpieethonestecelebratur.Haecinterimde

1056 4447 1328 4505 comessationibus
1344 4452 1372 4502 et
1383 4446 1577 4502 ebrietatibus
1592 4445 1673 4501 dicta
1691 4444 1760 4501 sint.

1056 4556 1171 4614 CAPUT
1189 4558 1222 4611 ll.
1242 4587 1277 4597 -
1297 4556 1338 4612 De
1359 4555 1547 4612 contentione
1567 4560 1595 4611 et
1618 4553 1717 4610 laudis
1737 4553 1883 4622 appetitu.

1083 4646 1232 4714 Quomodo
1247 4646 1381 4703 honoret
1395 4646 1461 4701 icus
1480 4641 1498 4699 ἀ
1514 4644 1650 4713 matous
1665 4643 1855 4700 assumenda.

1088 4754 1116 4809 7.
1138 4756 1178 4810 lla
1190 4754 1380 4810 contentione
1393 4757 1492 4809 autem
1507 4751 1613 4808 etdolo
1627 4751 1700 4823 quid
1717 4767 1765 4805 me
1780 4751 1884 4807 attinet

1055 4844 1162 4911 dicere,
1174 4844 1298 4917 qnando
1313 4844 1370 4900 ista
1386 4844 1456 4900 vitia
1471 4858 1531 4898 uon
1547 4842 1574 4897 ιιι
1593 4841 1689 4913 plebe,
1702 4840 1754 4896 sed
1770 4840 1799 4896 in
1813 4855 1885 4895 nos-

1057 4940 1100 4991 tro
1115 4950 1241 4990 nrrrnero
1256 4933 1497 5005 graviorasunt‘l
1514 4934 1623 4988 tiorum
1640 4934 1741 4986 autem
1757 4929 1882 4986 morbo·

1055 5040 1121 5080 rum
1139 5029 1233 5079 mater
1245 5022 1386 5096 superbia
1400 5029 1454 5088 est,
1471 5027 1499 5078 ει
1513 5021 1652 5078 humanae
1671 5019 1770 5076 landis
1786 5018 1885 5075 avidi·

1055 5119 1109 5181 tas,
1123 5130 1192 5187 quse
1203 5112 1292 5170 etiam
1302 5112 1485 5185 hypocrisim
1498 5127 1577 5183 saepe
1588 5114 1720 5181 geherat.
1736 5108 1807 5165 lluic
1819 5124 1881 5165 non

1084 5301 1092 5332 ¹
1110 5297 1176 5353 blas,
1197 5301 1309 5362 septem,
1325 5296 1389 5350 illis.
1403 5295 1462 5353 Alii,
1476 5296 1541 5346 illic.

1084 5362 1160 5415 ¹lls‚
1182 5360 1236 5419 sb„
1253 5366 1321 5423 typo.

1084 5426 1094 5458 ⁸
1110 5424 1174 5477 ides.
1193 5423 1256 5477 dno.
1275 5427 1400 5486 crocatur.
1415 5420 1476 5478 stit,
1490 5427 1586 5484 eropct.

1085 5486 1120 5547 to)
1136 5484 1258 5535 Aurelius
1277 5485 1494 5548 carthaginensis
1511 5484 1665 5535 Ecclesiae
1687 5483 1795 5546 iscopus
1812 5494 1884 5533 crea-

1053 5551 1097 5597 tus
1113 5552 1155 5597 est
1168 5548 1236 5597 torte
1256 5560 1306 5619 an..
1320 5549 1375 5620 iti,
1390 5551 1461 5598 cerlo
1481 5561 1535 5620 non
1557 5550 1619 5597 ante
1633 5498 1694 5603 sul;
1718 5546 1817 5626 quippe
1832 5544 1883 5596 hoc

1053 5622 1125 5660 aneio
1133 5614 1286 5659 antecessor
1300 5623 1384 5673 rpsrus
1398 5610 1552 5660 Genctlrlrus
1565 5608 1670 5674 praciurt
1686 5622 1760 5658 conc.
1775 5607 1884 5659 bartha-

1052 5670 1881 5744 mnerrsill.atsubhureliohabitumostilippunensc,an.39³.

1083 5734 1121 5799 (b)
1134 5734 1175 5786 lta
1185 5748 1214 5786 se
1228 5735 1285 5800 ipse
1299 5736 1383 5800 gessit
1398 5736 1566 5800 augustinus
1577 5736 1607 5785 ut
1622 5733 1679 5784 vrd.
1698 5733 1727 5784 in
1743 5734 1825 5797 Epist.
1842 5732 1882 5781 2⁹.
